2638 4404
1278 80 1358 146 17

131 269 313 332 mata
359 255 588 331 iudex?
650 276 973 344 graecum·
999 258 1290 342 uerbum,
1335 256 1507 340 quod
1552 257 1674 325 hoc
1716 256 1908 344 plane
1951 264 2209 343 aequet,
2254 257 2490 329 fruma
2559 280 2564 287 ⁴

133 368 564 457 quaesiueris3
610 386 808 451 quare
852 387 978 434 non
1023 366 1219 452 probo
1255 385 1472 432 eorum
1501 369 1887 453 περιεργίαν,
1934 366 2059 451 qui,
2106 366 2311 434 sicubi
2352 367 2489 435 lati·
2619 392 2620 397 ¹

133 500 285 549 num
332 475 594 560 aliquod
638 477 903 543 uerbum
944 495 1087 541 cum
1126 469 1357 559 graeco
1388 475 1693 559 congruit,
1737 474 1822 541 ad
1851 494 2150 559 graecam
2179 475 2489 561 originem

133 586 448 669 referunt3
492 583 791 651 nimirum
836 582 1135 648 falluntur
1178 601 1429 649 summa
1471 582 1688 667 graeci
1732 582 2041 653 sermonis
2084 584 2388 650 ubertate.
2401 621 2490 631 —

131 701 418 762 ceterum
474 690 580 758 hic
634 689 1080 777 agnoscendus
1127 696 1225 756 est
1266 689 1517 757 Horatii
1572 689 1834 774 quidam
1876 690 2085 776 lusus3
2141 711 2290 759 nam
2337 691 2491 763 dum

134 801 223 869 de
268 799 675 869 inmodulatis
721 797 1105 866 carminibus
1148 797 1453 881 loquitur,
1514 796 1658 882 ipse
1700 798 1869 865 male
1905 797 2220 865 modulati
2262 819 2491 867 uersus

141 907 503 993 exemplum
557 905 799 992 prodit,
850 905 1137 990 legitima
1191 925 1459 974 caesura
1510 905 1783 973 carentis
1831 902 2080 992 (quode
2123 925 2185 973 u.
2226 906 2490 974 Lachm.

144 1016 327 1083 Lucr.
369 1037 432 1101 p.
463 1015 598 1080 414
643 1020 707 1082 et
750 1013 1012 1081 Lucian.
1056 1013 1339 1080 Mueller.
1385 1013 1467 1080 de
1512 1035 1563 1081 r.
1605 1034 1686 1082 m.
1730 1036 1796 1101 p.
1833 1014 1960 1081 196
1991 1020 2060 1080 et
2086 1009 2290 1099 369);
2347 1014 2511 1101 pari-

145 1123 278 1190 ioco
308 1122 613 1189 Horatius
658 1143 718 1192 a.
748 1143 810 1208 p.
841 1121 930 1187 56
976 1121 1127 1188 dum
1173 1120 1255 1191 de
1283 1119 1601 1205 fingendis
1632 1114 2073 1205 nouandisque
2105 1122 2489 1191 dictionibus

138 1229 433 1314 loquitur,
463 1229 605 1315 ipse
633 1228 815 1299 finxit
837 1225 1185 1297 ‘inuideor'
1216 1223 1574 1312 (quodiam
1606 1228 1798 1299 schol.
1823 1230 2134 1301 Acronem
2166 1226 2488 1315 aduertit),

136 1339 423 1421 itemque
468 1356 530 1402 u.
559 1336 649 1403 50
692 1337 757 1402 in
814 1335 950 1403 his:
970 1330 1081 1431 “si
1125 1336 1286 1403 forte
1331 1343 1657 1407 necessest
1701 1337 1955 1405 indiciis
2003 1344 2354 1405 monstrare
2399 1358 2491 1405 re·
2623 1364 2624 1371 ¹

134 1446 431 1514 uentibus
482 1443 705 1513 abdita
753 1464 962 1513 rerum
974 1495 991 1529 ‚
1046 1442 1289 1530 fingere
1332 1444 1628 1515 cinctutis
1668 1467 1798 1513 non
1843 1445 2150 1514 exaudita
2190 1444 2489 1531 Cethegis

137 1549 508 1637 contingen
543 1546 895 1620 ‘cinctutis'
940 1552 1081 1639 ipse
1109 1552 1292 1619 finxit
1322 1552 1558 1622 deinde
1586 1555 1668 1621 ab
1707 1552 1968 1651 Ouidio⁸
1986 1559 2310 1642 receptum
2355 1549 2492 1639 (ad-

137 1660 388 1731 notauit
430 1659 720 1727 Nunnius
766 1659 833 1726 in
877 1659 1026 1729 edit.
1058 1655 1420 1743 Torrentii).

319 1768 757 1836 {nominatur
807 1764 909 1853 ep.
947 1769 1046 1852 16,
1079 1768 1195 1834 38:
1224 1765 1605 1837 ‘inominata
1644 1768 1993 1854 perprimat
2034 1766 2314 1851 cubilia'‚
2362 1770 2401 1835 i.
2433 1790 2489 1836 e.

138 1876 296 1945 mali
339 1875 588 1960 ominis,
633 1875 802 1959 quod
833 1874 1080 1959 antiqui
1109 1869 1549 1971 ‘obscaenumf
1579 1876 1876 1943 dicebant
1908 1872 1995 1963 (u.
2019 1878 2191 1945 Fest.
2221 1897 2285 1963 p.
2310 1874 2489 1960 201).

138 1983 392 2051 Gellius
437 1983 497 2068 5,
533 1984 612 2049 17
661 1983 854 2051 habet
879 1980 1296 2053 ‘inominalis’
1339 1984 1423 2051 ab
1454 2002 1657 2068 eoque
1686 1984 2065 2053 Macrobius.
2121 2005 2200 2052 ac
2231 1984 2490 2071 proprie

147 2089 413 2174 quidem
457 2097 580 2157 est:
609 2089 873 2167 ‘nullius
916 2089 1146 2156 ominis
1158 2087 1190 2173 ‚²
1237 2091 1354 2158 sed
1399 2098 1617 2159 notum
1662 2099 1762 2160 est
1806 2093 1871 2158 in
1915 2091 2212 2159 omnibus
2251 2091 2489 2176 ,linguis

141 2219 347 2286 saepe
391 2198 473 2285 id,
519 2198 687 2283 quod
734 2198 971 2267 malum
1016 2205 1131 2283 est,
1176 2199 1434 2267 omnino
1465 2217 1611 2268 esse
1644 2199 1896 2285 negari3
1941 2199 2115 2269 uelut
2146 2192 2490 2267 ‘informis'

135 2328 289 2376 cum
346 2308 598 2394 proprie
654 2306 722 2373 id
769 2307 880 2391 sit,
941 2306 1112 2390 quod
1164 2308 1400 2376 nullam
1448 2307 1717 2375 formam
1761 2307 1980 2392 habet,
2040 2307 2123 2377 de
2166 2330 2236 2376 re
2283 2308 2490 2376 malae

135 2415 386 2482 formae
431 2415 679 2482 dicitur.
712 2451 802 2461 ——
847 2413 1072 2481 eodem
1117 2415 1424 2482 uocabulo
1470 2415 1800 2483 Horatium
1847 2435 2035 2483 usum
2081 2436 2225 2485 esse
2270 2417 2337 2484 in
2381 2416 2490 2484 illo

137 2541 352 2607 uersu,
400 2523 511 2605 qui
552 2529 885 2608 praeterea
929 2521 1361 2590 inmedicabili
1405 2524 1665 2591 uulnere
1707 2524 1970 2606 laborat,
2016 2543 2069 2592 c.
2100 2525 2224 2609 111,
2261 2525 2371 2609 14,
2408 2526 2485 2590 11

138 2637 292 2718 post
332 2629 685 2695 Bentleium
744 2629 984 2697 nemini
1038 2629 1299 2696 dubium
1356 2651 1499 2698 esse
1555 2630 1845 2702 debebat.
1915 2630 2228 2714 Cruquius
2274 2631 2364 2698 ibi
2408 2631 2490 2701 de

139 2737 281 2806 suis
329 2735 515 2803 codd.
560 2736 779 2804 refert:
821 2736 1165 2822 ‘ominatis,
1210 2737 1404 2806 habet
1448 2738 1779 2822 antiquiss.
1811 2739 2035 2810 Bland.
2083 2757 2226 2804 cum
2258 2738 2493 2806 Diuaei

139 2850 212 2913 et
255 2844 369 2912 Sil.
414 2843 901 2913 reclamantibus
958 2846 1250 2913 omnibus
1307 2846 1452 2914 aliis
1511 2844 1991 2932 manuscriptis-²
2047 2842 2361 2932 (septem,
2422 2852 2493 2913 ut

137 2972 297 3020 mox
341 2947 565 3035 dicit),
621 2972 741 3020 nec
795 2955 978 3022 aliter
1021 2953 1404 3022 scholiastae
1456 2954 1693 3040 legisse
1736 2954 2051 3022 uidentur.
2139 2953 2494 3040 Porphyrio

138 3059 317 3128 enim
373 3058 594 3125 habet:
648 3056 829 3142 ‘quid
885 3070 1010 3148 est,
1072 3062 1241 3131 male
1284 3062 1627 3130 nominatis
1672 3062 1886 3130 uerbis
1932 3060 2218 3146 parcite?
2283 3068 2491 3128 utrum

138 3165 680 3252 quemadmodum
726 3167 1008 3256 edicitur,
1061 3178 1131 3239 ut
1175 3170 1351 3238 ciues
1396 3169 1606 3238 feriati
1649 3168 1841 3236 hodie
1884 3168 2100 3235 litibus
2146 3168 2493 3253 iurgiisque

137 3294 220 3343 se
266 3274 645 3360 abstineant,
691 3294 775 3341 an
818 3283 888 3342 ut
932 3298 968 3343 e
1011 3278 1324 3347 contrario
1371 3277 1438 3344 in
1483 3276 1812 3345 sacrificiis
1855 3275 2269 3364 praecipitur:
2325 3278 2493 3343 bona

137 3380 368 3451 omina
406 3381 653 3464 habete,
701 3381 793 3449 ita
835 3403 1031 3451 nunc:
1086 3352 1328 3473 pareiie
1375 3386 1560 3454 malis
1608 3384 1819 3453 uerbis
1866 3385 1905 3452 i.
1942 3406 1997 3452 e.
2044 3383 2229 3451 malis
2274 3380 2495 3449 omini-

137 3484 335 3573 bus3'
390 3490 498 3556 ubi
542 3484 737 3559 ‘bona
805 3490 1048 3558 omina'
1108 3500 1173 3560 et
1227 3514 1476 3560 rursum
1520 3492 1735 3562 ‘malis
1792 3488 2137 3560 ominibus'
2190 3490 2491 3575 indicant,

137 3592 484 3663 ‘ominata'
527 3618 687 3684 eum,
737 3606 905 3667 certe
949 3619 1075 3666 non
1120 3600 1445 3668 nominata
1488 3601 1742 3686 legisse.
1786 3637 1873 3648 -—
1924 3598 2195 3668 Bentleii
2240 3598 2492 3665 codiees

146 3702 385 3788 pariter
428 3699 774 3776 ‘ominatis'
833 3714 1022 3791 atque
1066 3702 1462 3775 ‘nominatis'
1507 3715 1775 3778 tuentur.
1853 3708 1983 3774 iam
2036 3705 2495 3774 demonstrauit

144 3808 472 3880 Bentleius
538 3813 780 3883 hiatum
848 3816 958 3900 qui
1022 3815 1095 3883 fit
1161 3816 1227 3882 in
1274 3810 1496 3884 ‘male’
1556 3824 1706 3884 ante
1756 3811 2082 3884 ‘ominatis
2151 3813 2302 3881 ferri
2366 3833 2495 3879 non

142 3938 369 4005 posse3
403 3915 597 3988 ‘male
627 3920 997 3991 nominatis'
1042 3931 1257 3993 autem
1303 3924 1388 3991 ad
1439 3924 1817 3992 sententiam
1860 3943 2088 4008 parum
2133 3921 2362 3988 facere.
2430 3926 2495 3987 et

143 4033 315 4094 recte
374 4028 650 4110 quidem.
742 4031 933 4098 miror
992 4032 1163 4100 enim
1217 4034 1269 4098 I.
1311 4031 1397 4097 M.
1442 4031 1825 4113 Gesnerum,
1894 4031 2223 4098 inmensae
2291 4028 2498 4094 uirum

144 4134 475 4202 doctrinae
518 4143 583 4203 et
628 4136 769 4203 sani
813 4137 1062 4225 iudicii,
1108 4141 1200 4208 ita
1247 4157 1538 4224 censere,
1595 4145 1664 4205 ut
1708 4138 1913 4224 possit
1957 4136 2122 4204 sumi
2167 4135 2330 4201 sicut
2375 4132 2494 4200 οὔκ

144 4238 506 4328 ὀνομαστός
533 4243 795 4312 Homeri
834 4252 900 4314 et
925 4241 1216 4316 Hesiodi.
1284 4267 1435 4316 nam
1482 4245 1625 4331 quis
1655 4247 2082 4373 Romanoruom
2125 4239 2493 4308 nominandi
2515 4325 2629 4371 Α
