2638 4404
1252 54 1339 123 14

120 229 349 315 docuit,
396 237 461 297 et
504 231 678 318 apud
708 232 1091 319 Appuleium
1133 241 1281 313 met.
1315 236 1390 319 V,
1429 237 1497 300 1:
1530 231 1684 303 ‘adL
1716 233 1946 306 fontis?
1987 274 2076 289 ——-
2118 241 2446 322 nitedula,

119 336 287 420 quod
332 337 596 406 Horatio
639 339 707 405 in
752 360 852 426 ep.
891 340 951 425 Ι,
998 342 1034 407 7
1049 391 1066 426 ,
1108 342 1194 408 29
1251 362 1293 409 a
1338 342 1625 412 Bentleio
1679 347 2036 413 restitutum
2094 354 2223 432 est,
2277 349 2447 434 apud

118 443 484 512 Ciceronem
538 466 628 512 or.
674 445 839 514 Sest.
885 449 970 514 33
1016 444 1123 533 (cf.
1169 449 1412 517 scholia
1454 451 1607 518 Bob.
1652 472 1714 538 p.
1745 453 1896 519 303.
1958 455 2061 538 11,
2110 456 2192 521 16
2223 453 2328 521 Or.
2386 462 2448 522 et

116 551 419 619 Priscian.
464 573 528 640 p.
560 550 720 638 613)
770 560 836 621 et
877 554 1221 623 Arnobium
1266 558 1331 622 H
1373 579 1436 644 p.
1467 558 1555 625 95
1601 559 1700 626 ed.
1741 559 1890 626 Her.
1937 567 2145 647 sxtat3
2180 559 2447 630 ‘nitclla'

117 660 405 746 saepius3
439 660 649 744 quode
677 679 739 727 u.
768 656 1123 730 Bentieium
1151 663 1238 730 ad
1265 665 1595 740 Horatium
1628 672 1691 733 et
1718 666 2196 736 Lachmannum
2226 686 2445 737 comm.

115 767 360 834 Lucret.
405 789 469 853 p.
501 768 651 834 204.
705 805 797 816 --
844 771 1173 855 parasita
1226 769 1432 857 (cuius
1478 772 1561 840 de
1606 766 1812 841 forma
1849 775 2001 843 uide
2046 795 2212 860 quae
2256 794 2448 863 supra

115 872 204 960 (p.
239 869 307 960 7)
363 874 449 942 ad
505 874 743 942 dictam
796 875 1101 963 diximus)
1145 879 1365 946 Horat.
1397 899 1447 948 s.
1477 880 1539 966 Ι,
1586 882 1657 966 2,
1703 881 1818 968 98;
1874 878 2116 951 Plinius
2160 904 2221 950 n.
2258 884 2321 951 h.
2363 884 2445 970 X,

116 982 219 1067 23,
254 978 360 1048 33.
404 982 491 1049 de
532 989 636 1049 oto
680 983 790 1049 aui
830 980 1014 1052 dixit.

272 1089 566 1156 Tantum
622 1089 704 1157 de
758 1092 1192 1160 substantiuis.
1261 1094 1389 1160 iam
1444 1100 1515 1161 ut
1568 1095 1653 1162 ad
1707 1097 2121 1166 adiectiua
2165 1116 2443 1185 pergam,

115 1197 172 1263 si
206 1197 574 1282 quaeritur,
642 1214 809 1280 quae
867 1196 1322 1269 adiectiuorum
1381 1201 1788 1270 formationes
1844 1205 2188 1290 Augusteis
2241 1206 2446 1292 poetis

113 1311 417 1389 acceptae
457 1304 715 1389 fuerint,
760 1305 1012 1373 facilius
1057 1307 1126 1373 id
1170 1315 1340 1375 certe
1382 1308 1474 1374 ita
1517 1307 1883 1394 definimus,
1923 1317 1998 1377 ut
2039 1332 2199 1395 quas
2243 1312 2447 1379 exclu-

114 1412 311 1478 serint
354 1418 418 1478 et
459 1411 836 1479 declinarint
862 1413 1170 1480 dicamus.
1236 1413 1621 1497 reliquerunt
1648 1415 1841 1499 igitur
1868 1418 2124 1484 omniuo
2153 1419 2447 1486 uetustio-

111 1538 249 1585 rum
292 1524 619 1605 poetarum
665 1516 1157 1587 abundantiores
1198 1520 1437 1588 formas
1484 1529 1547 1590 et
1574 1522 1848 1604 audacia
1876 1526 2205 1610 conposita
2234 1526 2448 1609 qualia

113 1632 260 1693 sunt
311 1621 917 1712 ‘repandirostrum²‚
959 1623 1592 1714 ‘incuruiceruicum’‚
1637 1636 1704 1697 et
1743 1630 2144 1700 lasciuientia
2187 1633 2300 1725 ilia
2341 1633 2447 1700 de·

112 1733 420 1800 minutiua
456 1732 581 1818 (cf.
610 1732 694 1800 M.
726 1727 959 1821 Haupt.
1001 1737 1136 1803 obs.
1178 1736 1312 1803 crit.
1357 1757 1422 1822 p.
1451 1733 1591 1823 14),
1648 1755 1812 1820 quae
1866 1738 2111 1823 uulgari
2170 1740 2445 1807 sermoni

111 1858 313 1924 usque
354 1849 683 1927 peramato.
725 1843 1084 1910 manebant.
1152 1850 1344 1925 atque
1372 1843 1620 1910 illorum
1666 1845 1922 1935 quidem
1965 1864 2265 1929 generum
2310 1847 2448 1911 nul-

108 1949 239 2014 lum
282 1966 476 2016 unum
521 1956 622 2016 est
663 1946 729 2014 in
773 1949 854 2016 iis
898 1948 1262 2034 adiectiuis,
1321 1968 1487 2033 quac
1542 1972 1689 2020 mox
1742 1972 2046 2039 promam.
2133 1971 2326 2036 quae,
2381 1951 2443 2017 si

108 2074 301 2123 unam
343 2054 679 2143 hybridam
694 2051 1031 2144 ·‘depugis'
1078 2063 1144 2125 et
1184 2058 1563 2143 graecanica
1619 2060 1975 2147 exceperis,
2033 2078 2176 2126 cum
2230 2057 2450 2124 omnia

110 2164 237 2232 sint
280 2170 391 2232 aut
433 2162 906 2233 denominatiua
962 2171 1074 2233 aut
1129 2164 1486 2253 conposita,
1540 2186 1668 2234 non
1722 2174 1959 2237 temere
2011 2164 2169 2234 mihi
2224 2164 2452 2234 uideor

110 2272 515 2356 contendere,
570 2291 762 2358 posse
806 2272 1065 2356 quidem
1109 2273 1221 2340 illa
1263 2275 1346 2340 ab
1390 2273 1655 2341 Horatio
1698 2274 1847 2342 ficta
1890 2293 2034 2343 esse
2045 2323 2063 2357 ‚
2118 2279 2191 2339 ut
2231 2278 2447 2341 tamon

109 2378 192 2446 de
235 2379 503 2464 singulis
545 2381 898 2464 quibusque
943 2381 1331 2448 adseuerate
1370 2401 1498 2447 non
1541 2381 1772 2448 ausim.

284 2487 380 2556 Ae
420 2487 702 2554 maxima
729 2488 986 2571 quidem
1013 2488 1271 2554 licentia
1300 2494 1438 2556 erat
1478 2488 1932 2555 adiectiuorum
1965 2507 2109 2553 cum
2137 2483 2262 2552 ‘in'
2304 2507 2448 2573 par-

109 2594 301 2661 ticula
364 2595 666 2680 negatiua
730 2594 1281 2682 conponendorum
1297 2645 1313 2678 ,
1393 2595 1481 2662 ad
1547 2614 1707 2679 quas
1774 2593 2180 2663 formationes
2247 2594 2445 2661 etiam

108 2701 292 2769 metri
344 2703 787 2771 commoditate
843 2704 1272 2770 inniterentur.
1369 2722 1491 2769 nec
1544 2700 1888 2769 absurdum
1946 2701 2064 2767 erit
2129 2700 2249 2768 hoc
2301 2701 2444 2767 loco

110 2827 614 2878 conmemorasse
657 2811 820 2877 alias
864 2798 1201 2895 dictiones,
1246 2810 1476 2893 quibus
1519 2808 1688 2875 illius
1731 2808 1873 2874 uice
1913 2816 2141 2894 poetae
2169 2817 2444 2876 utantur.

110 2916 283 2983 uelut
337 2916 494 2984 illud
526 2913 811 2984 ‘munero
867 2937 1091 2984 carens
1149 2913 1399 3001 arena'3
1441 2912 1608 2983 ‘sine
1663 2909 1918 2982 fraude'
1972 2936 2025 2982 c.
2053 2916 2146 3000 H,
2183 2916 2292 3000 19,
2324 2916 2446 2982 2οι

106 3023 275 3089 nodo
304 3042 557 3092 coerces
587 3025 874 3111 uiperino
897 3024 1296 3091 Bistonidum
1331 3024 1468 3091 sine
1498 3021 1723 3089 fraude
1752 3021 2001 3108 crinis'3
2047 3029 2112 3090 et
2140 3045 2199 3089 a.
2221 3043 2284 3108 p.
2310 3024 2448 3089 320

108 3131 325 3197 fabula
364 3132 598 3200 nullius
627 3133 911 3217 Veneris,
957 3133 1095 3199 sine
1124 3132 1406 3218 pondere
1447 3138 1512 3199 et
1540 3137 1676 3199 arte
1705 3131 1747 3196 i.
1772 3152 1828 3197 e.
1855 3127 2121 3216 ἆβαρής,
2154 3126 2450 3210 ἄτεχνος.

110 3239 263 3322 quid
308 3238 478 3322 quod
522 3236 792 3306 Ouidius
837 3260 915 3306 eo
955 3259 1334 3325 progressus
1377 3245 1504 3323 est,
1560 3245 1632 3304 ut
1682 3238 1796 3305 tali
1846 3238 2122 3304 dictione
2165 3243 2452 3303 uteretur

108 3366 225 3431 pro
264 3346 485 3413 datiuo
529 3345 719 3413 etiam
764 3346 1066 3413 adiectiui
1115 3345 1220 3412 uel
1274 3344 1598 3431 participii
1650 3352 1722 3412 ut
1765 3352 1911 3413 met.
1952 3343 2012 3427 Ι,
2056 3342 2145 3408 20
2173 3340 2447 3429 ‘pugna-

107 3454 260 3520 bant
314 3454 453 3520 sine
509 3453 788 3540 pondere
843 3452 1146 3520 habentia
1196 3445 1494 3538 pondu&
1528 3453 1571 3519 i.
1602 3473 1658 3520 e.
1703 3450 2040 3536 ἆβαρέσιν,
2098 3462 2229 3529 τοῖς
2284 3450 2448 3517 ἄνευ

107 3561 350 3645 βάρους
403 3555 589 3626 οὖσαν
628 3556 717 3646 (u.
759 3561 844 3626 M.
873 3560 1109 3645 Haupt.
1153 3560 1240 3626 ad
1283 3559 1346 3626 h.
1375 3557 1465 3646 L).
1497 3595 1584 3608 —-—
1628 3560 1760 3627 iam
1801 3558 1913 3624 illa
1954 3577 2098 3624 cum
2130 3553 2254 3625 ‘in'
2297 3577 2446 3625 con-

107 3668 318 3755 posita
358 3687 476 3754 per
517 3668 760 3736 litteras
801 3686 1179 3754 persequar:
2512 3716 2517 3721 ·

288 3774 623 3843 lnaudaae.
670 3797 724 3842 c.
753 3776 875 3860 111,
907 3775 1022 3860 20,
1057 3775 1130 3840 3:
1160 3769 1329 3840 ‘Non
1372 3773 1556 3841 uides
1601 3778 1835 3857 quanto
1879 3791 2140 3867 moneas
2185 3772 2447 3858 periclo,

108 3880 345 3967 Pyrrhe
358 3932 373 3963 ,
420 3880 728 3950 Gaetulae
771 3882 1011 3950 catulos
1067 3881 1373 3948 leaenae?
1439 3880 1597 3948 dura
1640 3885 1786 3965 post
1829 3875 2044 3964 paullo
2088 3879 2295 3964 fugies
2353 3880 2447 3946 in·
2479 3928 2485 3933 -

106 3988 320 4055 audax
372 3989 617 4075 proelia
666 3988 918 4082 raptor?
972 4025 1058 4039 -
1111 3988 1497 4056 Graecorum
1551 3994 1652 4054 est
1702 3985 1982 4072 ἄτολμος
2037 3984 2126 4068 (ιι.
2165 3986 2446 4054 Meinek.

108 4115 171 4180 p.
201 4091 309 4178 X).
375 4103 652 4163 ceterum
693 4103 847 4164 nota
889 4105 989 4166 est
1029 4098 1191 4165 haec
1232 4095 1494 4163 litotetis
1537 4093 1771 4179 figura,
1811 4094 1985 4181 apud
2029 4101 2278 4161 ueteres
2321 4092 2448 4159 fre—

108 4202 553 4288 qumtinsima3
597 4204 744 4272 licet
783 4206 969 4272 nobis
1012 4206 1186 4275 haud
1230 4205 1322 4271 ita
1366 4202 1697 4274 familiaris
1739 4202 1848 4287 sit,
1887 4221 2013 4286 quo
2043 4200 2276 4270 factum
2322 4205 2446 4285 est,
