2638 4404
1284 57 1376 124 20

149 232 592 319 neglegentiae
644 250 824 303 reum
879 235 1163 304 facerent
1213 236 1547 304 Horatium
1603 235 1691 323 (u.
1720 238 2110 308 Meinekium
2165 242 2231 308 in
2289 242 2497 329 praef.

149 363 212 427 p.
244 338 460 428 XIII),
517 347 629 409 aut
662 343 751 409 'in
808 343 1080 430 simplici
1136 343 1656 430 interpretatione
1711 367 1838 414 non
1894 348 2372 432 acquiescentes
2426 352 2497 417 in

149 448 407 517 diuersa
434 450 697 536 abirent,
736 457 811 517 ut
835 450 1137 536 Scaliger,
1166 451 1534 537 Lambinus,
1564 473 1832 537 eumque
1862 462 2116 524 secutus
2146 456 2496 526 Gesnerus.

149 555 305 622 mihi
347 576 518 641 uero,
561 558 689 625 nisi
733 556 988 643 egregie
1032 558 1234 643 fallor,
1277 558 1399 626 hoc
1437 559 1626 627 modo
1657 562 2160 631 subueniendum
2190 585 2334 632 esse
2363 566 2500 633 Ho-

144 664 306 731 ratio
360 665 634 732 uidetur.
718 662 1122 732 ‘Inretortus'
1176 666 1346 734 enim
1359 715 1377 750 ,
1444 667 1766 755 participii
1828 671 2164 755 temporali
2231 673 2493 742 notione

144 779 363 857 exuta,
415 779 489 838 ut
540 772 608 838 in
667 771 882 840 multis
938 772 1082 840 aliis
1125 772 1224 858 fit,
1278 773 1496 841 nescio
1551 796 1637 841 an
1695 775 2006 861 significet
2032 775 2174 862 ‘qui
2232 780 2492 848 omnino

142 900 466 964 nunquam
508 880 855 962 retorqueri
897 877 1153 971 potest’,
1223 875 1756 966 intetorquibilis',
1812 889 1884 948 ut
1936 884 2200 952 barbare
2244 886 2491 970 loquar.

141 986 263 1053 hoe
315 987 534 1071 modo,
591 986 841 1073 opinor,
908 987 1176 1055 offensio
1232 987 1346 1054 illa
1398 989 1660 1073 tollitur,
1729 994 1802 1055 ut
1866 989 2056 1058 simul
2121 1000 2366 1078 spectet
2424 1001 2496 1062 et

142 1100 392 1162 auertat
462 1094 731 1162 oculum.
793 1130 883 1142 -—-
958 1101 1127 1163 certe
1187 1094 1498 1180 Scaligeri
1555 1102 1620 1164 et
1676 1096 1972 1164 Lambini
2029 1100 2490 1186 explicationes

141 1201 294 1269 ferri
355 1202 527 1270 nullo
595 1201 785 1269 modo
850 1223 1044 1288 posse
1116 1202 1274 1269 mihi
1347 1202 1661 1271 uidentur.
1757 1203 1897 1270 ‘Ios.
1952 1204 2238 1292 Scaliger
2314 1209 2490 1276 enim

141 1304 355 1395 (epist.
389 1306 544 1394 195)
576 1304 761 1375 ‘nihil
805 1310 1035 1377 certius
1082 1330 1225 1378 esse
1271 1316 1469 1396 putat,
1517 1328 1709 1393 quam
1737 1310 2070 1379 Horatium
2102 1334 2335 1399 graeca
2379 1336 2490 1383 ex·

139 1418 482 1503 pressisse,
538 1416 795 1501 quando
839 1417 1198 1484 inuidorum
1242 1424 1307 1485 et
1353 1417 1724 1503 cupidorum
1780 1419 1947 1485 oculi
2001 1419 2290 1488 dicantur
2334 1422 2490 1489 δια-

140 1527 542 1612 στρέφεσθαι
586 1531 650 1593 et
696 1521 1201 1609 σκαμβοῦσθαι’ς
1242 1531 1312 1593 at
1340 1525 1467 1609 illa,
1515 1525 1572 1591 si
1602 1524 1754 1607 quid
1785 1525 2014 1612 iudico,
2059 1548 2185 1594 non
2215 1538 2488 1615 possunt

138 1633 335 1699 latine
377 1653 495 1718 per
522 1627 940 1715 ‘retorquere'
982 1631 1193 1716 reddi,
1252 1632 1444 1700 immo
1483 1630 1947 1716 ‘distorquere'
2028 1641 2093 1703 et
2135 1636 2488 1705 Lambinus

137 1740 513 1825 longissima
556 1739 984 1826 disputatione
1028 1759 1240 1807 meras
1283 1760 1491 1825 nugas
1535 1758 1793 1807 narrare
1838 1740 1995 1806 mihi
2037 1742 2306 1810 uidetur.
2362 1737 2486 1810 ‘in-

137 1851 370 1912 retorto
415 1847 596 1913 oculo
641 1853 888 1934 spectat
931 1846 987 1912 is
1001 1894 1018 1928 ,
1066 1845 1175 1929 qui
1219 1867 1442 1915 aurum
1486 1848 1677 1916 rectis
1722 1848 1920 1917 oculis
1965 1847 2193 1915 intueri
2234 1855 2481 1933 potest:

138 1954 318 2021 cuius
363 1974 444 2020 ea
488 1960 588 2022 est
630 1954 951 2021 oculorum
997 1953 1194 2019 animi
1236 1953 1428 2040 acies,
1474 1960 1546 2022 ut
1588 1954 1728 2021 auri
1764 1953 2098 2041 splendore
2125 1974 2251 2021 non
2281 1954 2480 2021 offen-

137 2060 342 2145 datur,
384 2080 594 2145 neque
634 2061 1164 2149 praestinguatur,
1210 2061 1253 2128 i.
1284 2082 1340 2128 e.
1386 2062 1496 2146 qui
1539 2061 1630 2128 ita
1674 2062 1921 2148 aspicit,
1973 2068 2045 2129 ut
2085 2080 2212 2129 non
2253 2080 2482 2128 concu-

137 2169 371 2259 piscat,
428 2176 541 2238 aut
598 2175 1049 2257 corrumpatur.
1142 2175 1242 2239 est
1295 2176 1507 2239 autem
1565 2169 1938 2257 metaphora
1993 2168 2184 2237 ducta
2237 2169 2318 2235 ab
2377 2168 2480 2253 iis,
2599 2186 2600 2193 ¹

128 2278 248 2361 -qui
289 2277 611 2372 oculorum
654 2277 811 2345 uitio
855 2278 1060 2345 lucem
1102 2278 1393 2365 aspicere
1437 2298 1564 2345 non
1608 2284 1905 2364 possunt:
1960 2275 2078 2343 sed
2134 2275 2349 2342 oculos
2394 2277 2482 2342 ab

138 2407 216 2454 ea
261 2385 600 2454 demouere
643 2391 833 2469 atque
878 2385 944 2451 in
991 2385 1183 2452 aliam
1239 2392 1486 2471 partem
1542 2385 1862 2453 reflectere
1915 2388 2250 2468 coguntur3
2305 2382 2478 2450 unde

136 2500 326 2562 natae
372 2499 520 2562 sunt
562 2493 686 2559 hae
731 2499 796 2559 et
839 2493 1012 2580 apud
1058 2493 1337 2561 Graecos
1382 2500 1448 2561 et
1490 2493 1663 2579 apud
1707 2491 1967 2558 Latinos
2010 2488 2312 2573 loquendi
2357 2489 2481 2557 for-

136 2603 378 2669 mulae:
438 2594 674 2687 ὅρθοῒς
718 2600 958 2685 ὄμμασι
1001 2600 1452 2687 προςβλέπειν,
1509 2598 2096 2685 ἄσκαρδαμύκτοις,
2141 2593 2480 2682 ἀτρέπτοις

137 2709 180 2775 i.
210 2730 266 2776 e.
294 2708 504 2793 rectiS,
547 2708 712 2793 fixis,
757 2707 1053 2791 immotis,
1097 2730 1227 2776 non
1253 2707 1509 2775 reflexis
1553 2704 1765 2793 [immo
1795 2725 1919 2772 non
1951 2698 2244 2789 deflexis]
2274 2703 2477 2771 oculis

137 2816 392 2900 intueri,
437 2816 483 2882 i.
511 2836 567 2882 e.
613 2815 753 2882 sine
797 2814 1204 2900 dubitatione,
1251 2823 1315 2884 et
1359 2816 1498 2882 sine
1542 2819 1712 2881 metu
1758 2808 2075 2897 aspicere'
2119 2817 2185 2878 et
2212 2831 2273 2895 q.
2304 2830 2355 2878 s.
2385 2845 2477 2859 --

137 2931 205 2991 at
246 2924 446 2991 oculis
488 2923 634 2991 fixis
677 2922 948 2991 rectisue
993 2944 1074 2991 ea
1113 2943 1216 2990 res
1259 2921 1510 3009 adspici
1542 2941 1668 2988 non
1713 2926 1939 3007 potest,
1984 2939 2149 3003 quae
2193 2923 2303 2985 aut
2343 2924 2480 2986 tam

138 3031 458 3119 splendet,
513 3038 584 3097 ut
627 3030 825 3097 oculis
871 3030 1290 3098 coniuendum
1338 3030 1449 3114 sit,
1504 3034 1615 3095 aut
1670 3033 1802 3094 tam
1847 3033 2081 3113 terreat
2124 3032 2189 3093 et
2233 3045 2482 3093 conmo-

135 3146 286 3207 ueat
338 3144 614 3205 mentem
629 3189 647 3223 ,
701 3145 773 3205 ut
825 3144 1043 3206 eontra
1094 3137 1401 3206 adtollere
1455 3136 1669 3203 oculos
1723 3156 1852 3201 non
1906 3154 2123 3218 queas.
2211 3151 2478 3217 quorum

135 3252 427 3314 neutrum
481 3246 548 3311 in
602 3265 865 3313 aceruos
919 3245 1058 3313 auri
1115 3244 1444 3330 argentiue
1488 3241 1678 3310 cadit.
1760 3241 1915 3327 quid
1972 3241 2140 3325 quod
2184 3240 2480 3308 Lambini

135 3353 651 3439 interpretatione
695 3353 884 3438 plane
930 3352 1267 3420 contraria·
1287 3358 1479 3434 atque
1523 3371 1715 3435 quam
1758 3349 2058 3417 Horatius
2102 3348 2304 3416 uoluit
2345 3346 2482 3414 effi-

138 3460 300 3527 citur
341 3459 676 3527 sententia.
740 3460 996 3547 quippe,
1041 3459 1151 3543 qui
1194 3458 1286 3526 ita
1330 3464 1578 3545 spectat
1619 3477 1883 3525 aceruos
1913 3454 2235 3540 (Lambini
2263 3454 2478 3521 uerbis
2591 3521 2592 3536 ,

136 3563 302 3652 utor)
345 3574 418 3633 ut
450 3568 675 3635 <oculos
704 3588 829 3634 non
860 3573 1235 3653 retorqueat,
1280 3567 1397 3635 sed
1438 3585 1548 3634 eos
1579 3565 1645 3632 in
1676 3563 1922 3632 aceruis
1952 3561 2196 3630 defixos
2226 3561 2478 3646 habeat,
2591 3621 2592 3644 ,

137 3674 275 3741 eius
320 3674 571 3741 animus
615 3675 860 3765 diuitiis
889 3674 1084 3742 adlici
1110 3674 1379 3759 uidetur,
1424 3693 1570 3742 eum
1603 3666 2068 3758 concupiscere,
2111 3689 2238 3737 non
2266 3669 2481 3755 negle-

136 3801 288 3866 gere
332 3781 594 3850 diuitias
638 3781 838 3850 dicas.

311 3888 776 3957 Iun-euocatus.
835 3909 938 3975 ep.
968 3888 1059 3972 II,
1102 3889 1135 3954 1
1152 3937 1169 3971 ,
1212 3889 1375 3956 223:
1418 3881 1589 3954 ‘eum
1632 3886 1775 3954 loca
1818 3886 1947 3953 iam
1986 3884 2252 3955 recitata
2281 3885 2478 3954 reuol-

139 3994 346 4063 uimus
386 3993 768 4063 ini-euocati?
809 4031 900 4043 -—-—
930 3990 1265 4063 ‘reuocari'
1309 3994 1565 4082 proprie
1597 3993 1938 4061 histriones
1978 3993 2286 4077 dicuntur,
2334 4014 2471 4060 cum

137 4109 423 4187 repetere
477 4103 719 4187 aliquid
776 4101 1082 4170 iubentur.
1170 4102 1300 4190 Cic.
1357 4122 1472 4189 pro
1526 4101 1690 4169 Sest.
1746 4102 1834 4168 56
1892 4101 1933 4181 ἓ
1969 4102 2098 4172 120
2152 4096 2470 4184 (Roscius)

133 4204 574 4278 ‘reuocabatur
615 4212 696 4278 ab
738 4208 1109 4297 uniuersis’3
1153 4215 1219 4278 et
1245 4210 1334 4278 58
1366 4210 1407 4289 ἓ
1442 4210 1599 4277 123:
1631 4207 1913 4279 ‘miliens
1942 4214 2305 4277 reuocatum
2334 4202 2471 4277 est?

35 4281 147 4355 h
