2638 4404
1331 66 1418 134 41

209 252 366 338 den,
419 272 489 320 er
518 270 665 319 war
714 249 869 317 aber
905 245 1238 316 Verfasser
1280 245 1457 317 einer
1499 242 1638 314 Ars
1679 239 2010 331 poetica}
2054 263 2245 328 quam
2290 248 2537 311 senten-

208 362 367 430 tiam
403 357 778 446 explicatius
812 357 877 423 in
906 355 1037 422 ind.
1068 354 1260 423 schol.
1290 360 1450 424 aest.
1479 375 1540 423 a.
1568 354 1737 423 1847
1769 352 1913 420 Hal.
1942 351 2237 440 exposuit
2265 346 2441 437 (adn.
2465 345 2536 434 2)

204 467 408 555 ‘quod
434 467 510 534 T.
533 466 836 533 Scaurum
868 463 1199 532 Hadriano
1223 462 1511 551 principe
1539 460 1968 530 contendunt
1951 481 2015 526 ιιι
2043 460 2293 531 Horatii
2320 458 2536 529 Artem

205 576 524 667 poeticam
555 572 763 641 libm
791 572 1120 639 minimum
1150 571 1374 639 decem
1416 569 1769 655 euulgaese,
1814 567 2189 637 manifestus
2219 575 2319 638 ωε
2348 588 2537 652 error,

206 682 305 754 ab
338 680 811 766 Eschenburgio
863 680 932 746 in
977 680 1187 766 operis
1229 678 1545 747 Hurdiani
1588 677 1663 744 Τ.
1692 677 1726 744 I
1767 699 1831 765 p.
1863 676 1994 745 375
2037 676 2339 762 euitatus,
2392 681 2540 763 post

209 792 564 861 Gesner-um
605 796 819 856 tamen
861 809 909 855 a
938 787 1212 855 Baehrio
1254 806 1458 873 nuper
1498 787 1567 852 in
1607 781 1772 852 Hist.
1802 785 1951 852 Litt.
1980 785 2162 852 Rom.
2190 791 2236 852 t.
2258 785 2292 852 I
2317 807 2382 872 p.
2406 785 2537 853 372

204 899 535 987 repetitus.
590 896 916 964 Charisius
956 895 1125 964 enim
1151 916 1217 982 p.
1244 889 1409 963 182‘
1416 892 1740 980 impariter
1766 930 1855 940 -—-
1883 888 2212 979 figurauit?
2253 892 2359 961 hic
2387 913 2540 962 uero

202 1010 406 1078 lector
456 1005 675 1094 paullo
729 1003 1024 1072 scientior
1067 1003 1376 1072 sermonis
1419 1000 1846 1104 grammatici,
1902 1020 2090 1086 quem
2132 1000 2540 1087 Suringarius

202 1118 493 1184 Batauus
521 1113 590 1180 in
617 1112 902 1180 Historia
929 1111 1063 1179 crit.
1092 1110 1301 1179 Schel.
1331 1110 1471 1178 Lat.
1527 1109 1787 1177 infinitis
1828 1108 1986 1177 loeis
2032 1104 2122 1194 (ιι.
2148 1108 2375 1178 Annal.
2404 1109 2544 1177 crit.

198 1222 482 1292 Berolin.
526 1242 586 1288 a.
620 1219 791 1287 1836
832 1219 952 1287 No.
981 1214 1099 1304 59)
1144 1238 1376 1304 magno
1397 1274 1402 1279 .
1420 1237 1565 1285 cum
1593 1216 1971 1285 detrimento
1999 1236 2117 1285 suo
2148 1216 2413 1303 ignorat,
2457 1238 2542 1286 ex

201 1318 369 1419 ipsa
410 1327 722 1416 particula
772 1326 893 1395 ubi
935 1326 1122 1409 facile
1166 1326 1500 1410 coniectet,
1552 1345 1679 1392 non
1722 1324 1791 1391 in
1833 1325 2301 1394 commentariis
2344 1325 2542 1394 Hora-

201 1437 402 1507 tianis
449 1434 709 1521 (etenim
736 1434 979 1502 inutilis
1008 1434 1170 1503 foret
1199 1432 1472 1501 adiectio
1501 1432 2087 1501 commentariorum
2116 1432 2183 1499 in
2213 1431 2289 1500 A.
2318 1426 2542 1518 Post),

208 1545 327 1615 sed
393 1544 462 1610 in
516 1542 1013 1611 institutionibus
1071 1541 1440 1609 elocutionis
1493 1540 1780 1627 poeticae
1835 1540 1918 1608 de
1973 1560 2132 1608 uoce
2183 1540 2543 1628 impar-iter

214 1648 600 1740 disputatum
656 1650 876 1718 fuisse.
940 1669 1077 1716 rem
1119 1656 1300 1717 extra
1343 1648 1835 1716 controuersiam
1877 1647 2141 1716 adducit
2177 1648 2340 1717 alter
2383 1647 2544 1716 Cha-

217 1761 347 1830 risii
399 1759 579 1826 loeus
632 1780 695 1846 p.
741 1758 868 1826 188
925 1757 1232 1831 Scaurum
1287 1776 1431 1824 cum
1470 1755 1748 1842 Vergilio
1801 1756 2219 1843 coniungens.
2250 1750 2542 1845 “primus

217 1873 279 1938 et
313 1887 381 1953 q.
421 1862 508 1935 s?

388 1973 702 2058 Equidem
744 1992 897 2041 uero
938 1976 1183 2041 tantum
1226 1972 1428 2057 abest,
1468 1976 1540 2038 ut
1578 1969 1682 2039 his
1726 1991 1868 2039 eam
1913 1991 2047 2040 rem
2090 1978 2272 2040 extra
2305 1978 2543 2040 contro·

220 2081 488 2151 uersiam
528 2080 871 2149 adductam
914 2079 1059 2147 esse
1100 2084 1338 2165 putem,
1382 2084 1451 2145 ut
1471 2072 1696 2146 ‘artem
1739 2076 2083 2166 poeticam²
2111 2075 2373 2149 Scauri‘
2377 2100 2541 2149 com-

209 2189 552 2262 montarios
606 2189 680 2258 in
726 2193 936 2257 artem
989 2179 1336 2274 poeticam’
1377 2185 1690 2281 nominari
1746 2208 1939 2275 posse
1992 2210 2252 2277 prorsus
2293 2209 2541 2276 negem.

203 2298 458 2367 accedit
489 2297 660 2383 quod
676 2296 901 2365 Scauri
934 2294 1173 2363 'mentio
1203 2316 1247 2363 a
1266 2294 1704 2384 Porphyrione
1735 2302 1800 2364 et
1819 2291 2367 2366 ‘commentatore'
2393 2297 2542 2365 Oru-

199 2406 349 2490 quii
382 2404 549 2476 facta
584 2411 761 2474 uetat
788 2424 906 2472 nos
938 2402 1316 2482 contendere
1347 2403 1654 2473 Scaurum
1689 2405 1771 2472 de
1808 2405 2071 2473 Horatio
2093 2406 2247 2493 -ipso
2287 2406 2542 2476 omniuo

197 2509 376 2581 nihil
416 2513 766 2598 scripsisse.
833 2513 917 2581 ad
964 2532 1324 2581 sermonum
1367 2512 1538 2579 enim
1579 2513 1662 2598 Π,
1687 2512 1753 2599 5,
1784 2514 1870 2581 92
1914 2514 2075 2583 haec
2118 2515 2312 2583 habet
2354 2514 2541 2600 Oruq.

201 2635 469 2687 comm:
499 2612 805 2708 ‘obstipox
849 2620 996 2706 fixo,
1039 2619 1364 2704 immobili,
1408 2619 1591 2702 tristi,
1635 2622 1757 2705 uel,
1801 2626 1873 2688 ut
1915 2621 2191 2690 Scaurus
2233 2623 2407 2709 dicit,
2452 2625 2543 2690 in-

201 2725 445 2795 clinato
508 2725 577 2791 in
642 2728 908 2796 alterum
971 2724 1333 2795 humerum'
1385 2733 1449 2795 et
1513 2727 1863 2816 Porphyrio
1904 2724 2098 2798 ‘tristi
2151 2750 2230 2798 ac
2287 2751 2540 2819 seuer03

200 2834 489 2903 Scaurus
519 2825 903 2906 “inclinato'’
949 2832 1136 2903 dicit?
1199 2830 1550 2921 (Scaurus'
1596 2835 1853 2905 exhibet
1895 2838 2099 2907 codex
2141 2839 2542 2912 Monacensis

201 2948 275 3011 et
318 2939 570 3027 pridem
613 2923 920 3011 Canterus
964 2942 1031 3010 in
1062 2938 1339 3011 ‘uetusto
1383 2940 1753 3031 exemplari'
1800 2945 2069 3031 inuenit3
2116 2967 2176 3015 ιι.
2207 2948 2344 3016 eius
2382 2949 2441 3016 N
2442 2969 2542 3017 ou.

197 3050 379 3117 lectt.
419 3043 486 3114 in‘
524 3047 776 3117 Gruteri
817 3051 1040 3139 Lamp.
1069 3051 1182 3137 m,
1210 3048 1393 3132 557).
1439 3052 1610 3135 quod
1654 3058 1864 3120 autem
1909 3054 1992 3122 de
2032 3056 2156 3122 ubi
2195 3056 2542 3144 particulae

200 3175 332 3225 usu
374 3155 780 3245 Bethardyus
824 3159 932 3244 ait,
976 3178 1102 3226 non
1145 3159 1241 3226 ita
1282 3159 1440 3227 illud
1484 3160 1877 3246 probandum
1910 3169 2027 3247 est,
2073 3166 2260 3248 quasi
2288 3166 2541 3234 omnino

200 3283 338 3331 nou
400 3264 591 3338 liceat
655 3265 737 3334 de
792 3266 1157 3342 Horatianis
1212 3267 1436 3335 Scauri
1502 3269 1967 3338 commentariis
2033 3273 2324 3358 cogitari3
2392 3295 2541 3342 nam

201 3372 467 3440 tametsi
519 3371 682 3441 haec
732 3375 1045 3461 particula
1095 3395 1292 3462 saepe
1347 3396 1389 3443 a
1441 3376 1871 3461 grammaticis
1922 3378 2285 3467 adhibetur,
2340 3381 2544 3450 sicubi

200 3477 503 3548 liberiore
569 3481 821 3557 uinculo
885 3501 1028 3556 cum
1092 3488 1328 3569 poetae
1389 3484 1748 3551 testimonio
1812 3487 2207 3571 grammatici
2272 3488 2541 3558 alicuius

62 3587 65 3590 ’
201 3605 441 3656 nomen
505 3583 810 3675 iungitur,
875 3596 947 3659 ut
988 3584 1123 3657 ‘ubi
1177 3587 1484 3658 Scaurus'
1536 3594 1904 3661 tantundem
1967 3594 2182 3663 ualeat
2235 3615 2313 3666 ac
2340 3595 2541 3695 ‘quod

207 3694 569 3782 exemplum
626 3692 783 3784 (per
820 3697 1153 3765 cuiuslibet
1196 3689 1586 3782 quaestionis
1631 3699 2197 3787 opportunitatem)
2242 3704 2539 3774 adferens

207 3800 521 3870 Scaurus'
564 3823 617 3871 s.
650 3798 801 3888 ‘quo
869 3805 951 3878 de
1015 3807 1181 3891 loco,
1250 3825 1378 3891 qua
1440 3807 1523 3875 de
1588 3829 1658 3875 re
1710 3808 1929 3878 ubiubi
1979 3831 2179 3896 agens
2235 3811 2540 3882 Scaurus'

204 3904 485 3998 (sumpsi
537 3909 697 3979 haec
752 3933 834 3980 ex
886 3912 1215 4000 praeclara
1268 3915 1441 3986 Frid.
1485 3916 1813 3984 Bitschelii
1863 3916 1930 3983 in
1974 3918 2230 4004 Parerg.
2273 3919 2475 3989 Plaut.
2505 3923 2539 3989 I

203 4038 276 4103 p.
305 4018 435 4085 363
482 4016 955 4105 disputatione),
997 4029 1209 4090 tamen
1253 4044 1371 4110 per
1414 4043 1484 4091 se
1527 4028 1704 4109 patet
1748 4024 1870 4092 ubi
1906 4026 2097 4094 etiam
2128 4028 2221 4095 sic
2249 4028 2539 4097 adhiberi

202 4143 402 4210 posse
457 4132 522 4193 et
576 4126 952 4213 saepissime
1005 4129 1322 4215 adhiberi,
1376 4137 1446 4198 ut
1485 4132 1880 4216 grammatici
1924 4136 2406 4203 commentarius
2452 4137 2530 4187 nd

204 4249 355 4298 eum
398 4233 786 4321 scriptorem,
831 4236 1008 4304 cuius
1051 4237 1227 4305 locus
1272 4237 1503 4321 aliquis
1544 4238 1840 4309 laudatus
1884 4248 1999 4328 est,
2043 4242 2361 4329 significet
