2638 4404
1271 42 1361 110 22

142 214 647 306 (incruentatus),
690 219 986 307 indictus,
1031 216 1378 307 (infectio),
1422 220 1710 306 infectus,
1753 220 2059 306 inficiens,
2103 216 2484 310 (infractus),

141 326 512 412 infrenatus,
543 325 894 413 (insciens),
925 330 1229 416 inseptus,
1264 329 1640 415 insepultae,
1670 329 2090 416 insequenter,
2122 326 2484 418 (insessas),

140 434 553 521 insomnium,
611 435 926 522 insuetae,
981 438 1283 523 intectus,
1329 438 1767 523 intemptatae
1783 483 1803 519 ,
1855 436 2171 524 intonsus,
2216 440 2486 526 intritus,

142 537 514 628 (inuidere),
561 544 836 630 inuisus,
879 544 1131 613 inrasus
1148 597 1166 631 ,
1206 530 1531 632 ‘im-uptus
1540 567 1573 625 ,·
1616 564 1882 628 quorum
1926 565 2090 629 quae
2129 547 2488 633 scripturae

139 669 372 734 genere
418 651 764 738 conspicua
806 652 1077 738 reddidi,
1123 655 1207 721 ab
1235 653 1498 720 Horatio
1542 652 1939 719 adhibentur.
2006 673 2126 721 nec
2170 675 2326 723 sane
2358 656 2488 723 Ho-

139 757 300 824 ratio
344 757 453 825 illo
497 759 846 860 carminum
888 760 1029 827 loco
1061 762 1242 829 uerbi
1273 757 1740 829 ‘intaminatus'
1782 760 2167 847 ambiguitas
2200 762 2488 835 timenda

140 870 294 932 erat.

314 972 453 1038 Iam
498 978 710 1041 cetera
751 974 1101 1062 adiectiua,
1158 994 1326 1060 quae
1380 995 1524 1044 cum
1580 975 1893 1063 particula
1945 976 2276 1064 conposita
2318 984 2487 1064 sunt,

134 1099 503 1166 persequar.

315 1182 698 1255 Abnormis.
747 1208 798 1255 s.
830 1189 923 1274 H,
955 1190 1027 1274 2,
1064 1190 1136 1255 3:
1182 1185 1456 1258 ‘Ofellus
1508 1189 1811 1275 rusticus,
1855 1190 2176 1258 abnormis
2223 1192 2486 1279 sapiens

135 1314 479 1378 crassaque
533 1292 859 1364 Minerua?
957 1296 1272 1381 Oruquius
1339 1297 1424 1365 ad
1483 1298 1645 1365 haec
1701 1298 1992 1365 adnotat:
2046 1293 2249 1365 ‘haud
2299 1300 2488 1369 aliter

136 1403 202 1471 in
258 1403 550 1471 omnibus
610 1403 865 1489 scriptis
885 1461 893 1475 .
910 1404 1234 1472 codicibus
1245 1428 1270 1490 ,·
1316 1411 1763 1491 praeterquam
1806 1406 2008 1474 tribus
2051 1406 2277 1474 Bland.
2307 1415 2489 1477 uetu-

136 1511 308 1579 stiss.
364 1511 475 1594 qui
528 1510 792 1597 habent,
851 1513 1139 1579 abnormi
1184 1511 1443 1598 sapiens
1489 1532 1832 1597 crassaque
1875 1511 2201 1580 Minerua?
2243 1550 2330 1561 ——
2376 1537 2489 1584 ne·
2599 1566 2600 1591 ;

135 1618 278 1703 quis
334 1625 547 1686 autem
601 1617 751 1686 hinc
804 1620 1165 1705 concludat,
1221 1619 1698 1688 Blandiniorum
1766 1621 2055 1688 codicum
2121 1622 2488 1706 antiquissi-

132 1746 306 1794 mum
337 1723 717 1793 ‘abnormis'
757 1726 1025 1813 habere,
1071 1726 1400 1796 sciendum
1448 1735 1574 1814 est,
1621 1729 1757 1796 falli
1801 1749 1930 1813 eos,
1983 1729 2093 1812 qui
2137 1729 2489 1814 Oraquium

132 1839 357 1920 putent
400 1854 547 1901 eum
592 1833 877 1902 codicem
910 1830 1170 1919 ‘quarti’
1212 1837 1470 1904 nomine
1514 1835 1839 1921 insignire,
1884 1836 2053 1920 quod
2092 1841 2157 1902 et
2185 1837 2489 1906 abhorret

133 1943 215 2009 ab
261 1941 431 2008 illius
462 1942 709 2011 aetatis
755 1942 1080 2011 doctorum
1125 1964 1299 2011 more
1355 1951 1420 2012 et
1472 1943 1872 2028 redarguitur
1916 1942 2102 2010 certis
2146 1943 2483 2029 exemplis.

132 2049 306 2116 uelut
361 2048 448 2116 ad
507 2071 608 2135 ep.
644 2050 707 2134 I,
758 2050 868 2135 18,
920 2050 1001 2118 15
1059 2051 1373 2135 Cruquius
1430 2051 1802 2139 adscripsit:
1847 2047 2100 2119 ‘Bland.
2145 2050 2486 2134 antiquiss.
2599 2140 2600 2147 ἵ

130 2155 325 2227 habet
352 2193 471 2243 --,
518 2157 645 2225 duo
687 2157 800 2226 alii
829 2158 1123 2230 Blandin.
1152 2197 1270 2247 —,
1317 2166 1578 2245 quartus
1609 2159 1834 2228 Bland.
1864 2157 1994 2227 --.²
2067 2157 2311 2242 melius,
2359 2157 2488 2226 etsi

130 2285 260 2332 non
304 2272 493 2351 certo,
538 2266 881 2335 concludas
927 2289 1009 2337 ex
1055 2288 1150 2354 eo,
1196 2268 1367 2353 quod
1399 2268 1730 2336 Gothanus
1758 2269 1932 2352 liber,
1979 2267 2089 2349 qui
2132 2285 2218 2331 ex
2258 2265 2488 2333 codice
2601 2277 2602 2286 ’

129 2481 456 2550 Bentleius
487 2477 829 2549 ‘abnormi'
875 2483 1117 2550 inuenit
1145 2485 1212 2550 in
1242 2484 1563 2569 Leidensi,
1606 2483 1959 2552 Batteliano
1990 2487 2055 2547 et
2081 2480 2282 2546 tribus
2312 2480 2488 2549 aliis.

132 2588 386 2657 codices
444 2589 638 2675 igitur
689 2590 929 2676 pariter
984 2598 1321 2677 utrumque
1374 2599 1646 2661 tuentur.
1736 2592 1864 2657 iam
1908 2588 2252 2655 diicudieet
2293 2588 2489 2655 Bent-

130 2696 293 2764 leius
307 2747 325 2781 ,
381 2697 492 2780 qui
524 2692 873 2781 ‘quaeritur
916 2699 1044 2766 iam
1055 2749 1073 2783 ,
1129 2700 1366 2785 inquit,
1421 2708 1630 2768 utrum
1673 2699 1758 2766 sit
1799 2695 2313 2784 praeferendum,
2345 2689 2489 2763 ‘ab-

131 2803 364 2873 normi’
407 2812 472 2873 et
503 2800 750 2874 ‘crassa
777 2804 1108 2892 Minerua',
1152 2829 1239 2875 an
1268 2804 1616 2876 ‘abnormis
1654 2801 1952 2892 sapiens?
2016 2804 2176 2870 mihi
2220 2802 2487 2887 quidem

130 2913 447 3001 posterius
501 2912 709 2997 magis
769 2914 996 3001 placet.
1087 2915 1346 3002 sapiens
1402 2916 1508 2983 hic
1564 2914 1733 2982 idem
1780 2920 1879 2981 est
1921 2933 1999 2980 ac
2041 2910 2487 2999 philosophus.

132 3021 666 3107 quemadmodum
710 3029 924 3090 autem
954 3022 1205 3091 Stoicus
1251 3024 1530 3111 sapiens,
1574 3021 1994 3090 Academicus
2040 3020 2317 3105 sapiens,
2361 3039 2486 3105 pro

131 3136 347 3198 sectae
402 3129 646 3198 ratione
706 3129 964 3196 dicitur:
1022 3131 1116 3197 ita
1159 3130 1404 3199 Ofellus
1460 3138 1598 3199 erat
1640 3130 1964 3198 abnormis
2016 3127 2304 3213 sapienS,
2359 3126 2489 3194 hoe

132 3245 248 3322 est,
296 3238 555 3324 sapiens
601 3238 835 3306 nullius
879 3259 1157 3324 normae,
1202 3239 1436 3306 nullius
1483 3245 1696 3306 sectae
1742 3244 1808 3305 et
1836 3236 2231 3321 disciplinae,
2278 3227 2486 3299 αὖτο-

132 3345 453 3423 dedamus,
496 3350 726 3412 natura
769 3352 833 3412 et
876 3347 1174 3431 moribus,
1218 3363 1347 3412 non
1390 3345 1678 3413 doctrina
1721 3351 1787 3412 et
1814 3343 2155 3429 disciplina
2198 3341 2487 3427 sapiens.

130 3454 352 3522 Cicero
407 3453 474 3519 in
529 3452 751 3521 Laelio
811 3472 865 3520 c.
894 3452 959 3521 5.
1010 3475 1056 3522 a
1098 3454 1407 3521 Lambino
1463 3454 1569 3521 hic
1622 3454 1772 3522 olim
1818 3452 2075 3519 citatus:
2108 3445 2488 3534 ‘numquam

131 3581 253 3647 ego
294 3561 507 3629 dicam
537 3560 608 3627 G.
636 3560 1027 3646 Fabricium,
1072 3562 1174 3629 Μ’.
1205 3562 1481 3647 Curium,
1526 3562 1626 3629 Ti.
1655 3559 2134 3643 Coruncanium,
2179 3577 2339 3642 quos
2369 3558 2490 3625 Sa-
2601 3619 2602 3658 ἢ

129 3670 378 3759 pientes
423 3669 624 3736 nostri
668 3669 941 3736 maiores
988 3670 1372 3755 iudicabant,
1418 3670 1504 3737 ad
1536 3670 1798 3737 istorum
1836 3661 2277 3751 (Graecorum)
2322 3687 2490 3732 nor-

130 3799 305 3844 mam
362 3777 565 3844 fuisse
624 3774 1004 3863 sapientes?
1093 3797 1244 3863 ergo
1299 3778 1621 3845 abnormis
1690 3776 1948 3863 sapiens
2015 3780 2186 3841 recte
2252 3772 2489 3841 dicitur

131 3892 197 3953 et
251 3885 609 3970 eleganter:
679 3884 1000 3951 abnormis
1053 3905 1207 3953 uero
1261 3883 1553 3954 Minerua
1606 3903 1733 3951 non
1790 3883 1883 3951 ita
1938 3882 2273 3968 concinne,
2337 3901 2486 3950 meo

132 3992 390 4078 quidem
433 3987 704 4058 iudicio?

317 4098 826 4185 Cirmmuaque.
892 4097 1079 4183 epod.
1119 4098 1232 4183 16,
1273 4097 1393 4163 41:
1437 4094 1584 4163 ‘nos
1628 4103 1844 4165 manet
1886 4096 2180 4164 Oceanus
2224 4096 2489 4163 circum-

135 4223 372 4295 uagus:
419 4225 605 4294 arua,
651 4206 840 4272 beata
885 4211 1181 4294 petamus
1220 4223 1395 4291 arua,
1439 4204 1675 4274 diuites
1722 4212 1786 4273 et
1829 4201 2110 4273 insulas?
2195 4203 2239 4269 i.
2268 4223 2326 4271 e.
2370 4200 2487 4286 qui
