2638 4404
1246 51 1333 118 12

114 246 302 311 quam
348 226 688 315 scriptores
743 226 870 314 ipsi
926 222 1161 312 (quode
1204 249 1267 296 u.
1308 229 1543 316 Haupt.
1584 228 1714 296 ind.
1745 231 1785 297 l.
1824 231 2220 317 1859—60,
2261 255 2327 320 p.
2357 228 2450 319 5).

112 355 231 403 nec
280 335 549 402 alterum
603 354 727 419 quo
782 336 976 403 utitur
1030 343 1467 422 argumentum
1523 338 1737 406 uerius
1798 346 1922 423 est,
1981 339 2138 407 nihil
2170 336 2451 409 ‘nutriri'

111 442 267 529 dici,
319 463 403 510 ne
445 462 561 528 per
617 442 1050 529 metaphoram
1107 443 1391 529 quidem,
1449 445 1578 512 nisi
1633 445 1804 529 quod
1859 447 2081 533 augeri
2137 456 2200 517 et
2253 450 2452 519 incre·

111 556 389 619 mentum
432 568 662 636 capere
705 551 910 637 possit
924 576 946 636 ¹3
990 550 1181 619 nimis
1218 552 1389 620 enim
1419 553 1708 638 augustis
1737 553 1967 621 finibus
1999 555 2452 627 circumscribit

109 658 426 727 nutriendi
469 658 792 731 notionem
838 680 979 726 cum
1023 658 1110 726 ad
1155 659 1355 727 solius
1384 667 1683 728 externae
1713 661 2168 746 magnitudinis
2197 671 2449 735 auctum

109 766 331 851 refert3
375 784 525 832 nam
556 785 759 849 senes,
803 772 874 833 ut
901 766 1022 833 hoc
1052 767 1343 855 exemplo
1385 774 1544 853 utar,
1589 767 1959 854 nutriuntur,-
2004 791 2132 838 non
2162 780 2450 842 crescunt

107 895 226 941 nec
268 874 657 960 proceriores
701 872 877 940 fiunt.
944 893 1065 941 nec
1093 874 1336 941 Plinius
1368 871 1457 960 (n.
1487 875 1550 941 h.
1586 876 1687 960 13,
1723 875 1823 961 15,
1856 873 1970 960 30)
2005 877 2446 951 cum‘mensas

106 979 353 1049 nutriri’
409 980 591 1065 dicit,
655 981 1109 1065 magnitudinis
1168 981 1249 1049 iis
1304 981 1697 1065 aliquantum
1760 983 2065 1053 accedere
2120 986 2445 1074 intellegit.

106 1088 260 1174 quid
302 1089 475 1173 quod
514 1087 709 1156 Silius
738 1088 995 1156 Italicus
1031 1088 1174 1174 XII,
1208 1089 1339 1156 375
1385 1089 1575 1156 dixit:
1608 1084 1808 1158 ‘Arna
1837 1092 2050 1176 coquit
2093 1088 2444 1181 (Sardinia)

105 1197 394 1282 nimium,
450 1195 692 1263 Cancro
750 1195 1135 1264 fumantibus
1178 1197 1429 1264 Austris
1443 1247 1460 1282 ,
1518 1204 1729 1265 cetera
1783 1219 2140 1284 propensae
2196 1202 2445 1273 Cereris

103 1304 338 1372 nutrita
404 1300 666 1388 ἕποιθ’,
736 1322 923 1388 quem
988 1303 1195 1370 locum
1250 1305 1486 1391 reperit
1539 1304 2086 1376 Mitscherlichius.
2189 1312 2444 1380 omnino

103 1419 315 1480 autem
372 1410 544 1479 haud
570 1426 577 1451 ¹
600 1411 693 1477 ita
746 1410 1054 1478 audacem
1111 1417 1177 1477 et
1232 1417 1563 1497 poetarum
1605 1413 1930 1499 propriam
1973 1414 2139 1484 hanc
2180 1419 2445 1487 transla-

103 1520 337 1589 tionem
381 1518 638 1604 dixeris,
682 1538 826 1585 cum
871 1517 955 1584 ad
999 1538 1132 1585 rem
1177 1518 1478 1585 rusticam
1525 1519 1856 1606 pertineat.

279 1624 588 1693 Arbitra.
636 1625 822 1712 epod.
853 1626 913 1710 5,
944 1622 1064 1692 50:
1097 1619 1163 1692 ‘o
1208 1626 1397 1693 rebus
1443 1626 1605 1695 meis
1649 1648 1775 1695 non
1815 1628 2103 1699 infideles
2148 1632 2440 1720 arbitrus,

101 1735 243 1803 Nox
287 1743 351 1802 et
394 1729 638 1801 Diana?
704 1733 747 1800 i.
779 1754 835 1801 e.
881 1733 1191 1818 consciae,
1237 1738 1455 1800 testes.

280 1841 561 1908 Dilator
601 1835 688 1925 (a.
718 1861 781 1927 p.
817 1835 970 1925 172)
1015 1840 1057 1906 i.
1089 1861 1145 1908 e.
1186 1842 1301 1924 qui
1356 1840 1612 1908 differre
1661 1840 1849 1925 solet,
1897 1836 2442 1928 ‘procrastinatur'

100 1959 171 2019 ut
213 1950 407 2019 schol.
439 1948 700 2033 Oruquii
744 1948 853 2014 ait.
940 1952 1275 2033 praeterea
1326 1946 1502 2033 apud
1546 1947 1849 2016 classicos
1894 1948 2232 2035 scriptores
2277 1949 2440 2019 haec

101 2059 408 2126 habentur
449 2056 517 2122 in
545 2052 761 2124 ‘lator’
806 2054 1132 2123 exeuntia:
1179 2054 1440 2140 delator,
1473 2055 1721 2141 relator,
1760 2056 2125 2142 translator3
2172 2064 2237 2124 et
2263 2059 2441 2143 apud

100 2165 354 2236 infimae
399 2164 628 2246 aetatis
673 2163 1039 2251 scriptores:
1085 2164 1356 2249 ablator,
1403 2162 1815 2250 circumlator,
1861 2164 2136 2251 collator,
2180 2164 2441 2252 oblator,

98 2276 389 2363 perlator,
435 2274 770 2360 praelator.

279 2380 677 2468 Temptator
720 2375 802 2465 (c.
832 2379 955 2464 III,
983 2379 1058 2464 4,
1092 2374 1225 2464 71).
1291 2378 1463 2462 quod
1504 2380 1767 2447 uerbum
1811 2375 1956 2447 cum
1999 2385 2065 2448 et
2104 2385 2275 2447 recte
2318 2377 2446 2446 for-

100 2496 338 2558 matum
394 2489 478 2557 sit
531 2508 650 2556 nec
708 2508 835 2554 non
890 2491 1040 2573 apte
1095 2486 1178 2553 de
1223 2485 1457 2554 Orione
1512 2485 1642 2554 dici
1696 2487 1904 2574 possit
1958 2481 2067 2571 (cf.
2111 2486 2341 2583 Tibull.
2385 2488 2438 2573 I,

100 2600 160 2683 3,
208 2598 323 2664 73:
364 2596 696 2664 ‘Iunonem
750 2601 1061 2682 temptare
1103 2594 1344 2661 Ixionis
1390 2591 1613 2681 ausi'),
1670 2594 1827 2660 nihil
1885 2599 1983 2661 est
2027 2593 2195 2677 quod
2238 2594 2440 2662 Hora-

98 2706 255 2772 tium
301 2726 376 2773 eo
420 2724 607 2772 usum
645 2724 794 2796 esse
822 2722 1157 2788 negemus3
1202 2722 1323 2769 nec
1350 2702 1515 2788 hinc,
1562 2702 1732 2787 quod
1761 2720 2075 2785 nusquam
2103 2701 2257 2768 alibi
2285 2700 2438 2786 legi-

98 2820 226 2897 tur,
281 2818 719 2897 argumentum
774 2811 861 2877 ad
916 2810 1419 2898 interpolationis
1475 2809 1888 2896 suspitionem
1943 2807 2464 2876 confirmandam.

97 2921 304 3006 magis
357 2920 493 3006 peti
548 2918 764 3002 debet,
821 2936 1012 3001 quam
1069 2917 1241 3000 quod
1281 2913 1566 2985 ‘dilator’
1622 2915 1793 3002 apud
1847 2915 2050 2983 solum
2103 2916 2436 2984 Horatium

98 3035 163 3095 et
193 3021 533 3112 ‘vulgator'
578 3025 753 3113 apud
802 3026 1006 3092 solum
1049 3023 1350 3092 Ouidium
1410 3030 1601 3092 extat.
1692 3029 1984 3107 quattuor
2034 3023 2176 3092 illos
2221 3030 2435 3090 autem

99 3155 320 3205 uersus
367 3129 630 3219 (69-7
636 3130 705 3218 2)
750 3154 874 3199 non
921 3134 1005 3199 ab
1047 3132 1310 3200 Horatio
1355 3131 1670 3218 profectos
1714 3151 1888 3216 esse,
1943 3137 2091 3218 post
2146 3152 2226 3200 ea
2268 3149 2436 3214 quae

99 3244 516 3310 Buttmannus
572 3240 639 3306 in
693 3240 1044 3327 Mythologi
1097 3247 1141 3306 t.
1182 3241 1246 3306 II
1257 3289 1275 3325 ,
1334 3261 1397 3326 p.
1429 3239 1660 3306 385—-
1719 3238 2047 3323 disseruit,
2114 3238 2432 3307 neminem

97 3370 332 3436 negare
385 3354 566 3436 puto,
621 3348 748 3414 nisi
793 3349 904 3431 qui
947 3347 1237 3415 credulus
1296 3353 1427 3413 tam
1483 3347 1920 3434 superstitiose
1964 3346 2072 3430 sit,
2131 3353 2202 3413 ut
2257 3346 2438 3431 quid-

98 3457 254 3543 quid
296 3456 660 3525 traditumst
701 3455 1010 3542 suspiciat
1061 3460 1125 3522 et
1168 3457 1434 3541 probum
1490 3455 1836 3540 existimet,
1893 3452 2145 3521 etiamsi
2188 3455 2259 3521 P.
2290 3453 2438 3521 Cor-

97 3564 331 3633 nelium
377 3564 448 3630 P.
478 3563 549 3630 F.
580 3563 940 3650 Scipionem
957 3613 974 3647 ,
1031 3562 1140 3648 qui
1185 3563 1353 3631 circa
1397 3584 1455 3631 a.
1485 3563 1616 3630 566
1663 3569 1942 3630 mortuus
1987 3568 2112 3647 est,
2167 3561 2437 3629 Kartha-

96 3673 310 3759 ginem
338 3693 413 3738 a.
443 3671 572 3738 608
620 3670 895 3738 diruisse
937 3669 1239 3738 Horatius
1283 3657 1621 3758 scripsisse
1662 3668 2013 3738 credendus
2059 3670 2161 3736 sit.

276 3776 719 3846 Aesculetum.
790 3797 843 3845 c.
872 3778 922 3863 I,
961 3778 1065 3862 22,
1113 3778 1215 3843 14.
1262 3778 1388 3845 'hic
1441 3778 1898 3863 Peerlkampus
1955 3776 2245 3844 adnotat:
2289 3770 2442 3844 ‘fuit
2585 3879 2604 3898 .

97 3886 396 3955 Horatius
439 3887 772 3954 uerborum
816 3892 1097 3971 nouator,
1144 3884 1262 3952 sed
1305 3886 1417 3953 alii
1461 3886 1800 3972 scriptores
1832 3884 2022 3953 credo
2051 3904 2275 3952 uocem
2302 3890 2436 3951 tam

101 3996 260 4062 bene
303 3994 635 4061 formatam
681 4015 724 4061 a
765 4000 897 4062 tam
941 3994 1169 4063 idoneo
1218 4000 1475 4061 auctore
1518 3994 1925 4079 recepissent.
2003 4013 2130 4060 non
2173 3993 2435 4076 Plinius,

98 4122 224 4170 non
267 4102 360 4170 rei
404 4101 677 4170 rusticae
707 4102 1045 4190 scriptores
1074 4109 1224 4190 post
1248 4102 1581 4169 Horatium
1611 4106 2010 4187 usurparunt.
2076 4122 2204 4169 non
2230 4116 2437 4185 gram-

101 4208 316 4276 matici
359 4207 736 4278 uetustiores
780 4213 1163 4281 mentionem
1207 4212 1510 4280 fecerunt.
1576 4209 1977 4294 Philoxenus,
2023 4209 2133 4294 qui
2160 4208 2227 4274 in
2270 4206 2437 4294 glos-
