2638 4404
1308 55 1389 121 11

360 233 698 304 calaum.
746 255 801 302 e.
829 235 880 319 Ι,
910 235 1017 319 31,
1052 236 1129 300 11
1164 241 1232 302 et
1259 255 1319 300 a,
1351 255 1414 320 p.
1443 233 1605 299 434:
1633 226 1844 301 ‘diues
1876 238 1940 299 et
1967 231 2178 301 aureis
2207 235 2516 299 mereator

190 346 458 415 exsieoet
503 342 753 412 eulullis
794 343 952 410 uina
993 342 1158 430 Syra
1200 347 1496 429 reparata
1540 336 1781 408 meree?
1825 376 1914 387 --
1943 337 2190 424 ‘Reges
2226 338 2518 405 dieantur

191 454 393 523 multis
435 471 710 536 urguere
753 450 1001 518 eulullis
1045 456 1113 517 et
1151 456 1442 533 torquere
1486 468 1662 517 mero
1688 466 1874 531 quem
1916 446 2321 534 perspexisse
2347 446 2519 512 labo-

188 558 355 631 rant?
427 558 781 645 Porphyrio
824 557 913 624 ad
958 557 1230 643 priorem
1273 556 1514 624 losum:
1555 553 1831 622 ‘enlnllis
1873 575 1990 641 pro
2032 553 2278 640 poeulis
2324 551 2520 635 dixit3

186 668 438 758 proprie
479 672 693 734 autem
737 665 952 735 eululli
980 664 1227 732 ealiees
1274 670 1421 730 sunt
1464 663 1722 748 quidem
1761 662 2004 746 fictiles,
2046 661 2276 745 quibus
2320 657 2523 746 ponti-

191 776 344 845 fiees
395 774 798 859 uirginesque
851 772 1143 839 Vestales
1198 772 1267 837 in
1325 771 1525 839 saeris
1591 767 1878 837 umntur?
1946 804 2034 817 ———
2098 768 2262 836 Aere
2315 767 2405 837 ad
2459 786 2522 833 a.

197 905 261 969 p.
287 882 440 949 434:
472 876 765 948 ‘Cfilullis
807 879 850 946 i.
880 900 937 947 e.
983 878 1283 946 calicibus
1329 886 1395 946 et
1438 884 1538 946 est
1580 877 2038 947 deminutiuum
2083 898 2126 944 a
2167 872 2379 944 effleo?

361 987 676 1056 Diludia.
734 1007 837 1074 ep.
875 988 935 1070 I,
982 986 1093 1071 19,
1135 987 1220 1053 47
1241 1010 1257 1052 :
1289 980 1563 1054 ‘diludia
1604 982 1832 1073 poseo?
1876 1018 1965 1034 --
2018 984 2224 1051 Aerot.
2253 978 2526 1051 ‘diludia

196 1096 476 1165 dieantur
527 1102 844 1180 tempora,
898 1113 1069 1176 quae
1120 1093 1579 1179 gladiatoribus
1635 1088 2132 1176 eoneeduntur*)
2173 1091 2339 1158 inter
2382 1089 2528 1157 dies

189 1222 516 1273 munerum
570 1202 800 1286 quibus
855 1198 1169 1287 pugnant²
1212 1199 1338 1285 (sie
1379 1199 1636 1268 Canteri
1678 1200 1883 1268 eodex
1935 1199 2006 1266 in
2049 1198 2304 1266 Gruteri
2341 1197 2523 1263 Lam·

185 1312 331 1397 pad.
374 1310 474 1377 111
486 1360 504 1394 ,
545 1310 676 1376 644
719 1316 787 1376 et
828 1308 1089 1392 Oruquii
1133 1307 1407 1392 seholia,
1461 1308 1589 1375 nisi
1631 1307 1802 1392 quod
1831 1301 2199 1395 ‘pugnatur’
2243 1300 2524 1390 habent).

182 1416 569 1505 Porphyrio:
599 1412 1159 1484 ‘intermissionem
1202 1414 1490 1485 ludorum
1536 1415 1642 1483 uel
1685 1411 2091 1483 dilationem?

366 1525 443 1590 In
470 1545 592 1592 usu
623 1523 825 1590 fnisse
853 1523 992 1590 ueri
1018 1522 1226 1590 simile
1267 1529 1368 1589 est
1402 1521 1757 1590 Oet-assis.-
1799 1543 1853 1591 s.
1882 1524 1965 1607 Π,
1997 1523 2057 1607 3,
2092 1520 2250 1588 156:
2276 1514 2527 1605 ‘quanti

183 1629 512 1720 emptae?³
541 1627 813 1717 ‘pal-uo?
841 1624 1086 1712 ‘quanti
1129 1650 1281 1714 ergo
1292 1627 1352 1695 ‘?’
1381 1627 1802 1697 ‘oetussibns’
1885 1630 2006 1701 hoe
2048 1630 2312 1697 uerbum
2354 1626 2527 1712 quod

181 1760 402 1809 omnes
448 1737 726 1805 omnium
776 1736 1027 1805 codices
1072 1738 1510 1821 exhibuerunt,
1551 1738 1876 1805 Bentleius
1919 1735 2306 1824 postliminio
2341 1755 2525 1809 ,reuo-

182 1849 369 1917 eauit.
458 1844 770 1934 pluralem
815 1844 984 1912 enim
1026 1852 1197 1913 reete
1240 1845 1477 1914 habere
1519 1845 1978 1915 demonstrauit
2020 1850 2278 1932 propter
2321 1842 2527 1912 distri-

181 1955 524 2023 butionem.
591 1958 925 2040 praeterea
966 1952 1091 2020 hae
1135 1953 1273 2021 eius
1301 1954 1555 2038 generis
1585 1952 2054 2039 conpositiones
2083 1957 2330 2020 extant:
2373 1957 2528 2019 tres-

192 2060 305 2143 sis,
348 2059 765 2145 quinquessis,
808 2060 1120 2146 septissis,
1166 2062 1438 2129 oetussis
1453 2111 1471 2145 ‚
1515 2061 1841 2146 nemesis,
1888 2060 2203 2145 decussis,
2249 2058 2528 2128 decussi-

188 2165 384 2251 36318,
416 2165 703 2253 ὴίοθεείε,
724 2166 1031 2251 trieessis‚
1060 2167 1394 2236 eentussis.
1432 2168 1511 2236 ef.
1534 2169 1714 2238 Varr.
1735 2168 1776 2236 1.
1800 2168 1841 2237 l.
1862 2168 1939 2237 V.
1969 2168 2010 2249 ἓ
2039 2168 2185 2254 169.
2219 2162 2526 2254 (eol-rigas

183 2280 398 2342 autem
455 2279 703 2362 typogr.
758 2292 1033 2343 errorem
1089 2274 1265 2361 apud
1322 2276 1557 2345 Bentl.:
1603 2272 2047 2364 ‘ptisanarinm
2092 2281 2344 2346 notasse
2387 2275 2528 2345 siue

185 2390 338 2450 octo
386 2376 536 2468 [non
567 2377 888 2469 ‘octonis‘]
931 2383 1187 2452 assibus
1229 2390 1468 2452 emtum
1512 2380 1657 2470 est.)

361 2489 502 2558 Iam
545 2491 929 2559 enumerabo
976 2511 1054 2558 ea
1094 2492 1511 2577 substantiua‚
1556 2511 1721 2577 quae
1765 2494 1846 2560 ab
1883 2492 2147 2561 Horatio
2190 2491 2339 2560 fieta
2382 2511 2528 2560 esse

181 2601 473 2682 possunt.
563 2597 925 2666 Fauetitas
971 2618 1023 2664 e.
1056 2598 1211 2682 1111,
1251 2598 1325 2683 5,
1371 2601 1486 2666 18:
1527 2598 1750 2668 ‘nutrit
1801 2620 1952 2667 rura
1992 2600 2187 2668 Ceres
2233 2600 2528 2683 almaque

180 2698 551 2772 Faustitas?
636 2724 803 2772 noue
856 2704 1197 2791 protulisse
1241 2706 1576 2774 Horatium
1631 2729 1747 2793 pro
1780 2703 2136 2804 ‘Felioitas'
2178 2708 2308 2774 iam
2352 2707 2528 2775 seho-

182 2811 417 2880 liastae
483 2809 1093 2897 animaduerterunt3
1154 2832 1364 2897 neque
1431 2813 1585 2882 alibi
1649 2815 1842 2883 hodie
1907 2815 2235 2901 reperitur.
2323 2810 2526 2882 ‘felix'

182 2924 402 2986 autem
449 2922 515 2982 et
544 2910 846 2986 ‘faustus'
891 2920 1083 2988 simili
1114 2919 1250 2988 sere
1288 2920 1545 2988 notione
1583 2928 1888 3008 usurpata
1917 2921 2116 2989 fuisse
2145 2922 2354 3008 arguit
2379 2923 2531 2990 trita

183 3025 295 3094 illa
341 3023 643 3090 formula:
689 3025 858 3107 quod
900 3029 1139 3096 bonum
1181 3026 1338 3094 felix
1380 3027 1659 3096 faustum
1702 3029 2211 3113 fortunatumque
2253 3030 2358 3098 sit.
2445 3030 2530 3098 de

183 3131 519 3201 Felieitate
575 3137 926 3216 temporum
976 3134 1298 3219 quaedam
1353 3136 1615 3203 eontulit
1670 3135 2095 3223 Spanhemius
2154 3137 2241 3205 ad
2284 3138 2530 3205 Gallim.

184 3238 250 3308 h.
282 3240 351 3305 in
380 3237 518 3308 Ger.
556 3238 704 3306 123.
760 3238 840 3306 ef.
869 3240 1130 3310 Prelleri
1171 3242 1372 3329 myth.
1401 3263 1555 3310 rom.
1586 3264 1650 3328 p.
1674 3244 1928 3328 618—,
1972 3246 2074 3312 eui
2118 3244 2322 3313 addas
2365 3246 2529 3313 Mes-

188 3344 389 3414 sallao
442 3346 640 3416 uerba
692 3346 867 3431 apud
923 3348 1178 3417 Sueten.
1220 3349 1359 3418 Oet.
1399 3350 1508 3418 58.
1565 3386 1655 3397 —-
1710 3350 1943 3420 iniuria
1994 3373 2145 3420 uero
2203 3352 2530 3422 Bentleins

186 3450 608 3521 Faustitatem
653 3454 978 3522 contendit
1016 3476 1148 3523 non
1187 3458 1274 3524 ad
1316 3478 1468 3525 rura
1510 3457 1626 3526 sed
1672 3460 1758 3526 ad
1789 3459 2002 3545 fruges
2035 3461 2177 3528 siue
2221 3459 2392 3528 farra
2435 3482 2530 3529 re-

188 3557 342 3630 ferri
386 3557 648 3645 debere3
693 3560 949 3647 scripsit
992 3562 1161 3628 enim
1200 3584 1317 3649 pro
1334 3559 1534 3632 ‘rura'
1566 3585 1648 3633 ex
1682 3568 2040 3635 eonieetura
2056 3559 2303 3652 ‘farra'‚
2349 3589 2528 3656 prae-

194 3665 374 3750 eipue
420 3666 566 3736 ideo
610 3669 762 3752 quia
791 3666 994 3737 ‘rura’
1037 3670 1411 3737 noeabulum
1467 3673 1566 3741 bis
1611 3674 1678 3740 in
1723 3672 1994 3744 distieho
2039 3675 2375 3760 repetitum
2417 3696 2525 3744 rus

194 3790 431 3840 merum
475 3780 541 3842 et
581 3775 975 3846 librariorum
1032 3783 1355 3863 stuporem
1410 3799 1638 3866 sapere
1692 3783 1753 3848 ei
1806 3765 2178 3866 uidebatur;
2230 3789 2299 3850 at
2342 3783 2526 3850 Bent-

188 3877 348 3948 leius
408 3901 553 3949 eum
603 3884 777 3969 apud
832 3885 1191 3969 Horatium,
1258 3892 1394 3953 tum
1446 3888 1724 3955 maxime
1778 3886 1845 3954 in
1898 3887 2142 3956 Lucani
2197 3889 2528 3957 Pharsalia

187 3985 419 4056 nimius
466 3995 604 4058 erat
647 3991 995 4061 uariandae
1038 3992 1340 4062 orationis
1385 3994 1622 4079 studio,
1679 4015 1871 4079 quam
1917 3979 2124 4082 magis
2168 3998 2525 4065 seetabatur

324 4215 379 4285 ²¹³)
424 4234 541 4284 non,
574 4225 631 4273 ut
666 4217 889 4293 Paulyus
922 4220 1084 4289 refiert,
1112 4220 1461 4280 ‘conceduntur
1494 4229 1553 4278 nt
1584 4221 1732 4278 inter-³

474 4353 489 4364 „
2493 4313 2615 4367 Α
