2638 4404
1302 23 1390 93 ΞΒ
1523 25 1540 47 .

169 214 409 279 terram
451 204 670 275 ambit.
759 203 931 273 idem
973 220 1113 271 uoc.
1158 202 1354 273 habet
1406 210 1627 273 auctor
1667 203 1908 291 Pancg.
1953 203 2021 273 in
2061 203 2277 275 Pison.
2311 205 2394 271 19
2440 204 2525 275 dc

66 362 75 372 -
168 316 337 385 sole:
381 308 553 383 ‘circ.
609 313 809 381 moles
865 310 1188 379 aetheriae
1240 308 1593 396 flammae'3
1651 318 1715 379 et
1767 310 2067 381 Prudent.
2114 311 2345 399 Psych.
2392 313 2523 381 812

164 417 346 491 ‘eir-c.
391 417 577 491 arca-³
619 457 709 469 —-
773 418 1299 508 circumuaqari
1341 418 1668 487 Vitruuius
1723 417 1796 503 5,
1845 420 1886 486 8
1933 413 2082 486 ‘loci
2095 469 2113 503 ,
2170 420 2238 485 in
2293 420 2524 504 quibus

169 527 711 614 circumuagando
755 533 976 595 coacta
1016 523 1180 593 uox?
1208 563 1298 573 -
1341 526 1636 593 similiter
1661 524 1955 601 Oceanus
1984 528 2067 594 ab
2097 525 2331 595 Ouidio
2375 536 2524 597 met.

164 641 225 723 Ι,
275 638 368 705 30
421 635 819 704 circumfluus
874 634 1101 701 humor
1154 633 1388 705 dicitur
1442 628 1640 719 (circ.
1684 632 1909 703 humor
1951 634 2193 705 extima
2234 635 2526 722 possedit

166 744 573 828 solidumque
637 742 914 811 coercuit
975 737 1247 827 orbem')
1315 747 1383 810 et
1442 740 1844 811 circumfluus
1900 743 2107 821 amnis
2174 743 2314 829 XV,
2376 744 2525 815 739,

166 851 468 940 adposite
493 849 843 918 Lambinus
888 850 1151 917 contulit
1179 870 1261 917 ex
1289 848 1492 918 Cicer.
1521 848 1605 917 de
1639 869 1774 935 rep.
1803 849 1911 934 VI,
1941 851 2057 917 202
2087 848 2323 919 ‘omnis
2353 852 2526 919 enim

168 969 343 1033 terra
384 995 474 1006 —
517 956 902 1027 circumfusa
944 956 1052 1025 illo
1097 958 1277 1041 mari,
1309 994 1401 1005 --
1440 957 1614 1042 quod
1657 956 1983 1027 Oceanum
2027 955 2414 1045 adpellatis'‚
2461 966 2529 1029 et

175 1086 253 1139 ex
298 1066 528 1135 Catull.
559 1065 676 1149 64,
707 1064 796 1133 30
838 1059 930 1151 (p.
960 1065 1048 1130 43
1063 1114 1083 1150 ‚
1118 1060 1184 1148 7)
1215 1062 1667 1150 ‘Oceanusque
1680 1115 1699 1150 ,
1754 1066 1919 1133 mari
1972 1072 2172 1137 totum
2229 1067 2341 1151 qui
2396 1089 2528 1135 am·

168 1175 463 1263 plectitur
516 1168 797 1273 orbem'3
854 1179 922 1240 et
972 1172 1436 1260 Peerlkampus
1493 1194 1576 1241 ex
1630 1173 1856 1241 Rutilii
1908 1173 2056 1243 ltin.
2095 1175 2159 1257 I,
2198 1174 2321 1243 56:
2366 1166 2526 1259 ‘qua

165 1281 588 1353 circumfusus
642 1279 908 1349 fluctuat
961 1277 1298 1364 Oceanus‘,
1356 1279 1467 1347 ubi
1523 1279 1927 1348 circumfluus
1985 1287 2052 1349 et
2105 1281 2523 1353 circumfusus

162 1391 457 1461 absolute
500 1393 849 1474 ponuntur,
893 1392 967 1454 ut
1009 1387 1450 1472 circumuagus
1495 1387 1671 1475 apud
1713 1388 2077 1474 Horatium3
2134 1388 2299 1457 haec
2353 1390 2523 1459 enim

163 1495 592 1586 praeferenda
645 1501 746 1562 est
802 1495 1250 1580 interpunctio,
1315 1500 1391 1562 ut
1451 1494 1520 1562 in
1578 1497 1989 1580 sequentibus
2045 1497 2524 1581 elegantissima

160 1604 497 1692 anaphora
540 1598 753 1671 ‘arua’
805 1607 1154 1688 repetatur,
1222 1608 1608 1688 receptaque
1675 1610 1777 1672 est
1831 1604 2171 1689 Lambino,
2226 1604 2521 1690 Gruquio,

22 1710 29 1721 ’
159 1714 351 1797 aliis,r
376 1731 537 1797 quos
583 1709 941 1777 Bentleium
986 1717 1050 1778 et
1082 1708 1583 1808 ,Peerlkampum
1633 1730 1763 1779 non
1807 1718 2059 1781 secutos
2103 1732 2251 1783 esse
2296 1713 2519 1783 merito

161 1820 435 1891 mireris·
500 1817 827 1886 Bentleius
872 1823 1019 1904 post
1044 1814 1233 1884 ‘arua
1270 1813 1505 1903 beata’‚
1546 1817 2010 1907 Peerlkampus
2054 1825 2204 1906 post
2232 1816 2520 1891 ‘circum-

162 1948 376 2012 uagus
427 1922 606 1995 arua'
665 1924 983 2009 distinxit,
1037 1920 1533 2011 ‘circumuagus'
1592 1924 1912 1995 adiectiuo
1977 1946 2123 1995 eum
2188 1928 2520 1997 causatiuo

170 2028 544 2103 easu‘arua'
589 2039 960 2118 constructe,
1004 2031 1074 2103 id
1103 2032 1276 2117 quod
1313 2031 1491 2118 mihi,
1532 2033 1664 2101 nisi
1689 2033 1881 2103 ualde
1911 2033 2114 2119 fallor,
2158 2034 2353 2120 plane
2379 2035 2520 2103 fieri

168 2160 302 2210 non
345 2158 537 2226 posse
579 2140 849 2212 uidetur.

345 2246 677 2337 Περαιθεῖς.
732 2269 786 2316 s.
814 2248 865 2332 I,
897 2248 958 2333 2,
989 2247 1095 2316 93.
1163 2245 1481 2318 Graecum
1507 2245 1776 2332 ἄσωγος.
1841 2255 2034 2333 atque
2061 2248 2230 2319 hanc
2258 2249 2518 2334 quidem

161 2375 408 2440 uocem,
454 2376 621 2441 quae
665 2354 941 2443 hybrida
983 2355 1086 2440 sit,
1130 2375 1259 2422 non
1305 2356 1664 2442 putauerim
1703 2357 1784 2426 ab
1813 2356 2079 2426 Horatio
2110 2357 2323 2428 fictam
2353 2378 2517 2444 esse,

161 2464 542 2549 mirumque,
585 2465 656 2530 ni
696 2463 981 2531 Lucilius
1025 2462 1092 2532 in
1138 2463 1372 2538 saturis
1418 2447 1500 2532 ea
1543 2484 1700 2534 usus
1743 2470 1934 2533 esset.

349 2563 758 2659 Postqeniti.
802 2591 856 2639 c.
885 2571 999 2655 III,
1032 2571 1136 2655 24,
1168 2571 1286 2637 30:
1319 2566 1556 2642 ‘clarus
1599 2566 2011 2657 postgenitis’
2054 2572 2096 2639 i.
2128 2592 2185 2640 e.
2223 2573 2516 2660 posteris.

351 2678 774 2750 Praecanus.
824 2699 925 2766 ep.
953 2678 1005 2762 I,
1036 2678 1141 2763 20,
1172 2679 1289 2745 24:
1324 2673 1631 2765 ‘corporis
1678 2680 1925 2765 exigui,
1969 2699 2373 2765 praecanam,
2420 2701 2517 2748 so-

160 2788 335 2858 libus
379 2783 624 2872 aptum’
671 2806 742 2854 se
786 2787 999 2872 ipsum
1042 2784 1216 2871 dicit,
1261 2785 1302 2852 i.
1334 2806 1392 2853 e.
1438 2792 1587 2855 ante
1631 2792 1883 2873 tempus
1927 2807 2174 2873 canum,
2219 2808 2518 2876 praepro-

162 2914 394 2981 peram
436 2894 734 2961 canitiem
776 2893 1114 2962 habentem
1160 2899 1226 2961 et
1267 2899 1417 2962 ante
1460 2900 1713 2980 tempus
1756 2895 2203 2981 albescentem,
2256 2902 2327 2963 ut
2369 2896 2518 2964 Oru-

165 3004 304 3088 quii
360 3021 584 3070 comm.
630 3000 749 3084 ait;
802 3000 997 3085 idque
1051 3007 1201 3087 apte
1256 3001 1554 3069 conuenit
1609 3022 1755 3069 cum
1808 3002 2057 3069 Horatii
2108 3009 2348 3090 aetate,
2406 3004 2516 3087 qui

164 3132 315 3180 cum
371 3110 539 3177 haec
589 3107 891 3175 scriberet
942 3108 1327 3176 XXXXIIII
1381 3128 1583 3176 annos
1641 3115 1829 3178 natus
1883 3116 2039 3177 erat.
2140 3131 2267 3178 non
2322 3111 2514 3197 igitur

164 3215 726 3303 confugiendumst
753 3214 839 3282 ad
866 3216 1131 3285 alteram
1162 3216 1761 3303 interpretationem,
1804 3226 1875 3283 ut
1919 3217 2004 3284 sit
2030 3216 2250 3285 ‘ualde
2280 3214 2516 3286 canus.³

162 3346 319 3394 nam
364 3325 536 3410 quod
581 3322 753 3390 nullo
810 3329 1141 3408 praeterea
1194 3325 1514 3393 adiectiuo
1572 3344 1715 3392 cum
1742 3321 1952 3411 ‘prae’
1995 3325 2329 3411 temporali
2372 3346 2514 3393 con-

164 3433 379 3521 posito
433 3433 630 3500 utitur
673 3430 1004 3515 Horatius,
1061 3431 1130 3498 id
1185 3438 1355 3500 certe
1411 3431 1736 3500 offendere
1789 3453 1908 3500 nos
1969 3453 2095 3499 non
2150 3430 2341 3500 debet
2394 3454 2514 3500 nec

164 3541 399 3609 mirum
443 3547 541 3608 est
582 3545 938 3626 propterea,
983 3538 1154 3622 quod
1197 3538 1268 3606 id
1309 3558 1514 3624 genus
1558 3538 1880 3610 adiectiua
1907 3539 2161 3608 omnino
2189 3560 2514 3627 perpauca

173 3655 419 3734 extant3
475 3648 739 3718 collecta
792 3645 960 3714 infra
1000 3645 1218 3731 posui:
1273 3643 1799 3734 praeconpositus
1857 3642 2059 3732 (apud
2116 3647 2321 3714 solnm
2366 3646 2513 3714 Oui·

170 3751 392 3839 dium),
434 3775 729 3842 praecox,
773 3753 1279 3842 praedispositus
1325 3749 1458 3841 (ap.
1505 3755 1711 3822 solum
1753 3750 2052 3840 Liuium),
2096 3754 2511 3841 praediuinus

167 3857 306 3949 (ap.
332 3859 633 3947 Plinium)
681 3863 1012 3950 (praeesus
1057 3862 1125 3932 in
1167 3862 1337 3930 notis
1381 3858 1623 3948 Tiron.)
1636 3912 1656 3948 ,
1706 3868 2145 3948 praematurus
2156 3913 2174 3949 ,
2227 3883 2511 3949 praeme-

164 3978 372 4055 tuens,
415 3991 786 4058 praesagus,
816 3970 1161 4058 praescius,
1193 3966 1594 4058 (praetaesus
1626 3969 1691 4040 in
1720 3975 1849 4035 not.
1881 3967 2059 4054 Tin),
2100 3970 2509 4056 praetinctus.

357 4076 769 4163 Vos-pallidum
822 4098 876 4145 s.
904 4079 964 4163 I,
1010 4079 1081 4163 2,
1127 4078 1284 4144 129:
1327 4075 1681 4164 ‘uepallida
1732 4077 1896 4145 lecto
1942 4078 2198 4145 desiliat
2240 4076 2509 4162 mulier’,

164 4184 208 4252 i.
239 4206 295 4253 e.
340 4185 510 4253 male
553 4185 813 4272 pallida.
903 4185 1033 4255 iam
1075 4186 1425 4269 antiquitus
1479 4183 1600 4251 hoc
1640 4186 1904 4253 uerbum
1948 4184 2313 4273 scrupulum
2357 4185 2509 4254 inic-

2503 4309 2611 4369 A
