2638 4404
1253 44 1341 113 36

305 221 737 290 mercium.
785 244 844 289 a.
873 245 937 310 p.
971 223 1128 290 194:
1160 218 1313 291 ‘neu
1344 220 1499 307 quid
1529 219 1809 310 (chorus)
1852 224 2099 293 medios
2127 224 2500 297 intercinat

45 399 52 408 ,
123 327 338 399 actus.³
426 331 599 397 idem
644 335 744 396 est
789 327 1043 413 διᾴδειν
1086 330 1263 417 apud
1304 330 1561 398 Aristot.
1603 338 1779 418 poet..
1816 333 1898 398 18
1954 332 2038 401 de
2081 333 2257 401 chori
2303 336 2500 404 inter

120 438 412 506 diuerbia
440 437 695 505 insertis
725 438 1020 523 canticis3
1067 437 1184 505 sed
1212 437 1417 505 Reizii
1447 445 1545 506 est
1574 439 1734 506 coni.
1719 489 1753 525 .,
1798 439 1981 507 codd.
2010 465 2094 507 τοι
2103 437 2495 539 διδόμενα.

306 545 682 671 Oppeder‘e.
741 565 792 611 s.
823 545 882 630 Ι,
918 545 987 629 9,
1027 545 1142 610 70:
1185 537 1325 611 ‘uin
1377 552 1443 613 tu
1503 546 1696 614 curtis
1752 547 2010 615 Iudaeis
2066 549 2496 636 oppedere‘?‘
2589 600 2590 615 ,

120 656 423 721 translate
466 672 583 738 pro
616 645 1084 718 ‘contemnere'
1127 686 1216 699 -
1248 648 1667 740 ‘’suppedere
1709 652 1919 723 adfert
1961 654 2184 725 Cicero
2227 676 2336 744 ep.
2390 659 2554 727 ad

117 762 297 829 Fam.
324 763 389 846 9,
421 762 524 846 22,
556 760 619 826 4.
1884 800 1888 805 -

298 867 761 955 Perminqere.
804 885 857 935 s.
884 867 934 953 Ι,
967 868 1026 952 2,
1057 866 1180 933 44.
1211 861 1406 934 ‘hunc
1436 867 1911 954 perminxerunt
1935 866 2230 997 calones-⁵
2265 870 2479 942 schol.

143 971 625 1061 stuprauerunt?
762 984 765 987 ’

294 1082 814 1171 Praeter-aym.
863 1100 963 1166 ep.
992 1081 1042 1165 Ι,
1076 1079 1179 1165 15,
1216 1081 1330 1147 11:
1359 1077 1730 1150 ‘mutandus
1769 1082 1948 1152 locus
1993 1090 2093 1152 est
2136 1092 2201 1153 et
2243 1057 2484 1157 deuer-

117 1190 289 1257 soria
330 1196 483 1258 nota
527 1189 1067 1276 praeteragendus
1114 1184 1351 1273 equus?
1417 1196 1587 1257 recte
1616 1190 1809 1270 habet
1840 1191 2219 1261 constructio
2262 1198 2471 1265 uerbi.

116 1320 266 1368 nam
310 1304 382 1364 ut
425 1297 827 1365 intransitiua
870 1298 1084 1381 uerba,
1130 1296 1188 1363 si
1233 1316 1376 1364 cum
1419 1298 1994 1385 praepositionibus
2028 1300 2285 1388 circum,
2333 1324 2473 1392 per,

116 1411 393 1492 praeter,
453 1407 697 1490 subter,
766 1424 986 1490 super,
1041 1410 1242 1471 trans'
1273 1412 1736 1492 conponuntur,
1791 1408 2187 1475 causatiuum
2246 1430 2471 1479 casum

116 1513 484 1580 adsciscunt
548 1533 628 1580 ex
698 1532 918 1598 praep.
981 1528 1392 1598 suspensum,
1460 1513 1552 1580 ita
1613 1515 1806 1582 etiam
1865 1516 2128 1601 passiua
2185 1520 2465 1587 transiti—

115 1641 338 1688 uorum
390 1620 728 1688 uerborum
784 1639 925 1687 cum
982 1619 1212 1686 iisdem
1269 1636 1598 1707 praeposs.
1655 1622 1976 1708 copulata3
2036 1623 2130 1692 sic
2184 1633 2470 1712 praeter-

117 1727 267 1794 ferri
311 1728 591 1813 aliquam
632 1748 786 1814 rem,
832 1727 1234 1817 praeteruehi
1278 1728 1558 1811 aliquam
1593 1748 1758 1813 rem,
1742 1755 1757 1770 ·
1803 1729 1873 1796 id
1916 1731 2087 1813 quod
2130 1734 2212 1800 ab
2255 1755 2469 1819 gram-

116 1835 401 1903 maticis
435 1836 793 1922 neglectum
854 1854 1001 1903 esse
1056 1836 1267 1904 uideo.
1373 1855 1569 1920 quare
1623 1854 1750 1902 non
1817 1838 2296 1923 confugiendum
2355 1850 2464 1909 est

115 1943 202 2010 ad
260 1943 716 2031 anastropham
758 1943 1166 2063 scholiorum,
1221 1944 1553 2030 probatam
1605 1943 1779 2012 illam
1825 1945 2018 2073 etiam
2065 1943 2336 2013 Gesnero
2380 1947 2451 2013 in

114 2050 466 2119 Thesauro.

296 2158 939 2246 Prodooere.ep.1‚
979 2160 1036 2245 1,
1071 2158 1188 2227 55:
1220 2153 1410 2228 haec
1453 2159 1645 2228 Ianus
1692 2177 1975 2229 summus
2020 2161 2103 2228 ab
2148 2159 2275 2229 imo
2319 2181 2466 2248 pro-

117 2265 341 2335 docet.³
424 2269 536 2335 ubi
591 2265 938 2352 Cruquius:
983 2260 1359 2354 οριόιίοικιίἱ
1415 2269 1632 2354 palam
1683 2268 1900 2354 docet3
1961 2261 2056 2336 sic
2108 2268 2346 2337 habent
2393 2270 2462 2337 4.
2589 2259 2590 2266 ἵ

115 2374 408 2443 Blandin.
448 2376 692 2444 Buslid.
732 2375 985 2460 Diuaei‚
1031 2367 1186 2444 Silu.
1225 2375 1342 2443 sed
1374 2376 1626 2443 Martia.
1671 2377 1924 2444 edocet:
1965 2375 2162 2443 Tons.
2192 2381 2259 2443 et
2293 2377 2460 2444 Nan.

117 2481 499 2570 praedocet?
542 2520 630 2529 -—
665 2477 1024 2570 ‘prodocet'
1066 2483 1339 2550 Bentleii
1392 2483 1768 2551 ueterrimae
1817 2485 2223 2552 membranae
2269 2484 2460 2552 Grae-

116 2591 397 2677 uianae,
421 2591 805 2676 Leidenses,
850 2575 1278 2677 Reginenses,
1331 2589 1554 2677 idque,
1608 2597 1827 2678 utpote
1870 2591 2221 2659 sententiae
2273 2592 2459 2659 unice

116 2706 351 2788 aptum,
398 2706 567 2767 recte
611 2683 985 2766 restitutum
1013 2704 1130 2767 est.

295 2806 790 2875 Reoaloz‘trare.
841 2827 891 2872 s.
921 2807 1012 2892 ΙΙ,
1056 2807 1112 2891 1,
1145 2805 1266 2872 2οε
1296 2797 1429 2872 ‘cui
1473 2805 1637 2872 male
1683 2804 1739 2871 si
1784 2805 2061 2892 palpere,
2106 2806 2457 2874 recalcitrat

118 2914 400 2999 undique
454 2921 626 2982 tutus
681 2909 974 2999 (Caesar)
1032 2914 1073 2980 i.
1109 2934 1163 2981 e.
1225 2913 1432 2981 calces
1486 2911 1748 2980 remittit
1800 2907 1987 3000 (Nep.
2026 2912 2209 2982 Eum.
2250 2914 2320 2998 5,
2361 2910 2454 2999 5),
2589 2987 2590 3000 ¹

118 3022 530 3090 translatione
593 3023 674 3090 ab
732 3041 895 3105 equo
951 3020 1222 3105 aliisque
1276 3020 1500 3089 bestiis
1557 3025 1838 3105 sumpta,
1895 3020 2088 3105 igitur
2129 3028 2454 3108 repugnat,
2589 3047 2590 3054 ¹

118 3130 379 3217 respuit.
435 3166 523 3177 —-
564 3126 962 3198 ‘Calcitrare'
1016 3129 1323 3196 translate
1389 3126 1562 3214 apud
1620 3126 1747 3193 Cic.
1790 3121 1961 3195 Goel.
2006 3128 2089 3195 15
2131 3123 2452 3215 ‘calcitrat,
2589 3123 2590 3150 ³

119 3238 392 3325 respuit,
446 3258 574 3303 non
632 3244 814 3325 putat
867 3244 979 3304 tua
1038 3237 1207 3304 dona
1266 3255 1411 3303 esse
1454 3232 1647 3301 tanti?
1692 3272 1780 3281 —
1824 3235 2147 3303 Bentleius
2191 3256 2273 3302 ex
2316 3236 2451 3304 cod.

119 3346 475 3414 Batteliano
520 3345 739 3413 scribit
769 3341 1189 3430 ‘recalcitret',
1234 3350 1304 3411 ut
1346 3349 1679 3426 utrumque
1723 3345 1983 3410 uerbum
2016 3341 2239 3409 eodem
2268 3343 2449 3411 modo

120 3455 435 3523 efferatur.
526 3474 604 3524 ac
648 3474 804 3521 sane
848 3457 1017 3519 recte
1064 3452 1158 3520 sic
1214 3458 1278 3519 et
1333 3449 1681 3535 aequaliter
1725 3452 1926 3518 oratio
1969 3448 2280 3535 procedit,
2334 3449 2450 3518 sed

121 3562 188 3629 in
230 3561 405 3629 nulla
449 3562 752 3629 orationis
797 3560 1000 3628 forma
1044 3559 1466 3643 inaequalitas
1526 3566 1590 3627 et
1632 3556 2033 3626 anacoluthia
2076 3558 2345 3624 crebrior
2386 3564 2449 3625 et

123 3668 482 3738 sollemnior
536 3675 661 3754 est,
731 3689 922 3753 quam
976 3668 1044 3734 in
1099 3667 1535 3734 condicionali.
1640 3667 1807 3751 quod
1863 3670 2078 3733 autem
2131 3664 2445 3733 Bentleius
2513 3715 2521 3722 -

121 3779 469 3845 molliorem
515 3796 658 3844 esse
703 3777 795 3844 ait
837 3775 1388 3860 honestioremque
1432 3767 1893 3843 subiunctiuum
1938 3772 2222 3859 modum,
2268 3791 2446 3857 quam

123 3886 503 3969 recalcitrat,
561 3883 731 3969 quod
777 3884 859 3951 de
903 3882 1179 3950 Caesare
1223 3882 1413 3950 nimis
1471 3881 1865 3948 familiariter
1909 3880 2143 3948 dictum
2185 3880 2345 3974 ¹foret
2385 3887 2450 3948 et

122 4013 327 4081 paene
373 3991 840 4075 contumeliose,
885 3990 1092 4078 magis
1136 3989 1549 4058 recentiorum
1593 3988 1916 4057 hominum
1956 4005 2146 4072 quam
2171 3995 2442 4056 ueterum

125 4102 208 4170 de
250 4098 609 4167 uerecundo
655 4106 721 4166 et
763 4099 1027 4167 decente
1072 4118 1331 4167 sensum
1373 4096 1672 4184 respexit.
2475 4089 2479 4093 ’

304 4207 691 4283 Redonum.
740 4227 793 4279 c.
823 4207 914 4297 Π,
949 4208 987 4271 7
1000 4257 1018 4296 ,
1049 4209 1122 4273 3:
1165 4202 1336 4290 ‘quis
1381 4212 1445 4273 te
1487 4202 1819 4271 redonauit
1855 4200 2160 4282 Quiritem
2203 4200 2302 4269 dis
2340 4219 2441 4286 pa-
