<?xml version="1.0" encoding="UTF-8"?>
<!DOCTYPE html PUBLIC "-//W3C//DTD XHTML 1.0 Transitional//EN"
    "http://www.w3.org/TR/xhtml1/DTD/xhtml1-transitional.dtd">
<html xmlns="http://www.w3.org/1999/xhtml" xml:lang="en" lang="en">
 <head>
  <title>
</title>
<meta http-equiv="Content-Type" content="text/html;charset=utf-8" />
  <meta name='ocr-system' content='tesseract 3.04.00' />
  <meta name='ocr-capabilities' content='ocr_page ocr_carea ocr_par ocr_line ocrx_word'/>
</head>
<body>
  <div class='ocr_page' id='page_1' title='image "./dehoratiivocibu00zanggoog_0010.png"; bbox 0 0 2638 4404; ppageno 0'>
   <div class='ocr_carea' id='block_1_1' title="bbox 1251 61 1293 128">
    <p class='ocr_par' dir='ltr' id='par_1_1' title="bbox 1251 61 1293 128">
     <span class='ocr_line' id='line_1_1' title="bbox 1251 61 1293 128; baseline 0 0"><span class='ocrx_word' id='word_1_1' title='bbox 1251 61 1293 128; x_wconf 81' lang='lat'><strong>2</strong></span> 
     </span>
    </p>
   </div>
   <div class='ocr_carea' id='block_1_2' title="bbox 1063 150 1474 159">
    <p class='ocr_par' dir='ltr' id='par_1_2' title="bbox 1063 150 1474 159">
     <span class='ocr_line' id='line_1_2' title="bbox 1063 150 1474 159; baseline 0 4245"><span class='ocrx_word' id='word_1_2' title='bbox 1063 150 1474 159; x_wconf 95' lang='lat' dir='ltr'> </span> 
     </span>
    </p>
   </div>
   <div class='ocr_carea' id='block_1_3' title="bbox 100 236 2436 645">
    <p class='ocr_par' dir='ltr' id='par_1_3' title="bbox 100 236 2436 645">
     <span class='ocr_line' id='line_1_3' title="bbox 276 236 2436 325; baseline 0.003 -21"><span class='ocrx_word' id='word_1_3' title='bbox 276 238 483 324; x_wconf 86' lang='lat' dir='ltr'><strong>Atque</strong></span> <span class='ocrx_word' id='word_1_4' title='bbox 549 238 615 305; x_wconf 91' lang='lat' dir='ltr'>in</span> <span class='ocrx_word' id='word_1_5' title='bbox 671 236 998 325; x_wconf 89' lang='lat' dir='ltr'>permultis</span> <span class='ocrx_word' id='word_1_6' title='bbox 1054 237 1310 322; x_wconf 90' lang='lat' dir='ltr'>quidem</span> <span class='ocrx_word' id='word_1_7' title='bbox 1368 239 1837 307; x_wconf 88' lang='lat' dir='ltr'>concedendum</span> <span class='ocrx_word' id='word_1_8' title='bbox 1891 240 2009 307; x_wconf 89' lang='lat' dir='ltr'>erit</span> <span class='ocrx_word' id='word_1_9' title='bbox 2079 241 2214 308; x_wconf 90' lang='lat' dir='ltr'>solo</span> <span class='ocrx_word' id='word_1_10' title='bbox 2280 262 2436 310; x_wconf 89' lang='lat' dir='ltr'>casu</span> 
     </span>
     <span class='ocr_line' id='line_1_4' title="bbox 101 343 2434 431; baseline 0.002 -20"><span class='ocrx_word' id='word_1_11' title='bbox 101 345 336 413; x_wconf 83' lang='lat' dir='ltr'>factum</span> <span class='ocrx_word' id='word_1_12' title='bbox 394 367 562 431; x_wconf 89' lang='lat' dir='ltr'>esse,</span> <span class='ocrx_word' id='word_1_13' title='bbox 630 352 700 412; x_wconf 93' lang='lat' dir='ltr'>ut</span> <span class='ocrx_word' id='word_1_14' title='bbox 763 345 889 412; x_wconf 89' lang='lat' dir='ltr'>iam</span> <span class='ocrx_word' id='word_1_15' title='bbox 947 344 1293 430; x_wconf 81' lang='lat' dir='ltr'>singularia</span> <span class='ocrx_word' id='word_1_16' title='bbox 1350 343 1477 411; x_wconf 90' lang='lat' dir='ltr'>sint</span> <span class='ocrx_word' id='word_1_17' title='bbox 1532 350 1596 411; x_wconf 88' lang='lat' dir='ltr'>et</span> <span class='ocrx_word' id='word_1_18' title='bbox 1654 346 1848 413; x_wconf 90' lang='lat' dir='ltr'>semel</span> <span class='ocrx_word' id='word_1_19' title='bbox 1905 347 2179 415; x_wconf 86' lang='lat' dir='ltr'>inuenta.</span> <span class='ocrx_word' id='word_1_20' title='bbox 2280 349 2434 416; x_wconf 90' lang='lat' dir='ltr'>item</span> 
     </span>
     <span class='ocr_line' id='line_1_5' title="bbox 101 452 2433 547; baseline 0.002 -29"><span class='ocrx_word' id='word_1_21' title='bbox 101 459 313 520; x_wconf 92' lang='lat' dir='ltr'>tamen</span> <span class='ocrx_word' id='word_1_22' title='bbox 356 453 485 519; x_wconf 92' lang='lat' dir='ltr'>alia</span> <span class='ocrx_word' id='word_1_23' title='bbox 529 454 608 519; x_wconf 90' lang='lat' dir='ltr'>ab</span> <span class='ocrx_word' id='word_1_24' title='bbox 638 452 899 520; x_wconf 87' lang='lat' dir='ltr'>Horatio</span> <span class='ocrx_word' id='word_1_25' title='bbox 946 452 1116 519; x_wconf 88' lang='lat' dir='ltr'>facta</span> <span class='ocrx_word' id='word_1_26' title='bbox 1161 472 1304 519; x_wconf 90' lang='lat' dir='ltr'>esse</span> <span class='ocrx_word' id='word_1_27' title='bbox 1343 452 1814 535; x_wconf 85' lang='lat' dir='ltr'>agnoscendum</span> <span class='ocrx_word' id='word_1_28' title='bbox 1856 454 1991 547; x_wconf 75' lang='lat' dir='ltr'>erit.</span> <span class='ocrx_word' id='word_1_29' title='bbox 2060 455 2226 538; x_wconf 90' lang='lat' dir='ltr'>quod</span> <span class='ocrx_word' id='word_1_30' title='bbox 2262 457 2433 523; x_wconf 91' lang='lat' dir='ltr'>enim</span> 
     </span>
     <span class='ocr_line' id='line_1_6' title="bbox 100 559 2434 645; baseline 0.002 -20"><span class='ocrx_word' id='word_1_31' title='bbox 100 560 165 626; x_wconf 91' lang='lat' dir='ltr'>in</span> <span class='ocrx_word' id='word_1_32' title='bbox 211 560 437 644; x_wconf 90' lang='lat' dir='ltr'>quauis</span> <span class='ocrx_word' id='word_1_33' title='bbox 481 559 701 645; x_wconf 91' lang='lat' dir='ltr'>lingua</span> <span class='ocrx_word' id='word_1_34' title='bbox 744 559 1121 644; x_wconf 85' lang='lat' dir='ltr'>quandoque</span> <span class='ocrx_word' id='word_1_35' title='bbox 1166 559 1403 625; x_wconf 83' lang='lat' dir='ltr'>factum</span> <span class='ocrx_word' id='word_1_36' title='bbox 1449 579 1593 626; x_wconf 90' lang='lat' dir='ltr'>esse</span> <span class='ocrx_word' id='word_1_37' title='bbox 1639 560 1889 643; x_wconf 89' lang='lat' dir='ltr'>scimus,</span> <span class='ocrx_word' id='word_1_38' title='bbox 1936 560 2002 627; x_wconf 92' lang='lat' dir='ltr'>id</span> <span class='ocrx_word' id='word_1_39' title='bbox 2033 582 2162 628; x_wconf 90' lang='lat' dir='ltr'>non</span> <span class='ocrx_word' id='word_1_40' title='bbox 2205 564 2434 629; x_wconf 90' lang='lat' dir='ltr'>miran-</span> 
     </span>
    </p>
   </div>
   <div class='ocr_carea' id='block_1_4' title="bbox 60 665 2431 752">
    <p class='ocr_par' dir='ltr' id='par_1_4' title="bbox 60 665 2431 752">
     <span class='ocr_line' id='line_1_7' title="bbox 60 665 2431 752; baseline 0.002 -19"><span class='ocrx_word' id='word_1_41' title='bbox 60 670 64 674; x_wconf 79' lang='grc'><strong>’</strong></span> <span class='ocrx_word' id='word_1_42' title='bbox 100 667 251 734; x_wconf 92' lang='lat' dir='ltr'>dum</span> <span class='ocrx_word' id='word_1_43' title='bbox 306 668 486 734; x_wconf 91' lang='lat' dir='ltr'>nobis</span> <span class='ocrx_word' id='word_1_44' title='bbox 543 667 790 735; x_wconf 88' lang='lat' dir='ltr'>accidet</span> <span class='ocrx_word' id='word_1_45' title='bbox 843 666 910 734; x_wconf 91' lang='lat' dir='ltr'>in</span> <span class='ocrx_word' id='word_1_46' title='bbox 951 666 1241 750; x_wconf 91' lang='lat' dir='ltr'>Horatio,</span> <span class='ocrx_word' id='word_1_47' title='bbox 1307 665 1418 749; x_wconf 93' lang='lat' dir='ltr'>qui</span> <span class='ocrx_word' id='word_1_48' title='bbox 1482 687 1625 733; x_wconf 89' lang='lat' dir='ltr'>cum</span> <span class='ocrx_word' id='word_1_49' title='bbox 1682 667 1960 752; x_wconf 91' lang='lat' dir='ltr'>Vergilio</span> <span class='ocrx_word' id='word_1_50' title='bbox 2014 689 2221 736; x_wconf 89' lang='lat' dir='ltr'>nouae</span> <span class='ocrx_word' id='word_1_51' title='bbox 2275 671 2431 738; x_wconf 89' lang='lat' dir='ltr'>artis</span> 
     </span>
    </p>
   </div>
   <div class='ocr_carea' id='block_1_5' title="bbox 8 4331 59 4370">
    <p class='ocr_par' dir='ltr' id='par_1_5' title="bbox 8 4331 59 4370">
     <span class='ocr_line' id='line_1_8' title="bbox 8 4331 59 4370; baseline 0 0"><span class='ocrx_word' id='word_1_52' title='bbox 8 4331 59 4370; x_wconf 51' lang='lat' dir='ltr'>L</span> 
     </span>
    </p>
   </div>
   <div class='ocr_carea' id='block_1_6' title="bbox 91 772 2433 3508">
    <p class='ocr_par' dir='ltr' id='par_1_6' title="bbox 91 772 2433 1824">
     <span class='ocr_line' id='line_1_9' title="bbox 97 772 2433 862; baseline 0.001 -21"><span class='ocrx_word' id='word_1_53' title='bbox 97 775 438 861; x_wconf 90' lang='lat' dir='ltr'>poesisque</span> <span class='ocrx_word' id='word_1_54' title='bbox 483 774 760 841; x_wconf 90' lang='lat' dir='ltr'>cultioris</span> <span class='ocrx_word' id='word_1_55' title='bbox 805 781 1022 841; x_wconf 82' lang='lat' dir='ltr'>auctor</span> <span class='ocrx_word' id='word_1_56' title='bbox 1076 780 1139 842; x_wconf 88' lang='lat' dir='ltr'>et</span> <span class='ocrx_word' id='word_1_57' title='bbox 1184 780 1321 842; x_wconf 88' lang='lat' dir='ltr'>erat</span> <span class='ocrx_word' id='word_1_58' title='bbox 1371 779 1434 840; x_wconf 89' lang='lat' dir='ltr'>et</span> <span class='ocrx_word' id='word_1_59' title='bbox 1476 772 1849 858; x_wconf 84' lang='lat' dir='ltr'>habebatur,</span> <span class='ocrx_word' id='word_1_60' title='bbox 1904 774 2137 859; x_wconf 90' lang='lat' dir='ltr'>quique</span> <span class='ocrx_word' id='word_1_61' title='bbox 2182 784 2433 862; x_wconf 89' lang='lat' dir='ltr'>praeter</span> 
     </span>
     <span class='ocr_line' id='line_1_10' title="bbox 98 879 2430 967; baseline 0.001 -19"><span class='ocrx_word' id='word_1_62' title='bbox 98 889 340 949; x_wconf 91' lang='lat' dir='ltr'>ceteros</span> <span class='ocrx_word' id='word_1_63' title='bbox 384 883 451 947; x_wconf 91' lang='lat' dir='ltr'>in</span> <span class='ocrx_word' id='word_1_64' title='bbox 496 903 572 949; x_wconf 93' lang='lat' dir='ltr'>eo</span> <span class='ocrx_word' id='word_1_65' title='bbox 617 881 1007 966; x_wconf 87' lang='lat' dir='ltr'>elaborabat,</span> <span class='ocrx_word' id='word_1_66' title='bbox 1061 888 1132 948; x_wconf 89' lang='lat' dir='ltr'>ut</span> <span class='ocrx_word' id='word_1_67' title='bbox 1175 879 1410 948; x_wconf 88' lang='lat' dir='ltr'>relictis</span> <span class='ocrx_word' id='word_1_68' title='bbox 1455 880 1580 947; x_wconf 91' lang='lat' dir='ltr'>illis</span> <span class='ocrx_word' id='word_1_69' title='bbox 1637 881 2058 964; x_wconf 82' lang='lat' dir='ltr'>antiquiorum</span> <span class='ocrx_word' id='word_1_70' title='bbox 2103 889 2430 967; x_wconf 87' lang='lat' dir='ltr'>poetarum</span> 
     </span>
     <span class='ocr_line' id='line_1_11' title="bbox 94 987 2428 1074; baseline 0.001 -20"><span class='ocrx_word' id='word_1_71' title='bbox 94 989 554 1057; x_wconf 82' lang='lat' dir='ltr'>luxuriantibus</span> <span class='ocrx_word' id='word_1_72' title='bbox 637 989 927 1074; x_wconf 92' lang='lat' dir='ltr'>maleque</span> <span class='ocrx_word' id='word_1_73' title='bbox 1005 988 1092 1056; x_wconf 88' lang='lat' dir='ltr'>ad</span> <span class='ocrx_word' id='word_1_74' title='bbox 1157 987 1542 1054; x_wconf 77' lang='lat' dir='ltr'>Graecorum</span> <span class='ocrx_word' id='word_1_75' title='bbox 1609 987 2086 1056; x_wconf 89' lang='lat' dir='ltr'>similitudinem</span> <span class='ocrx_word' id='word_1_76' title='bbox 2150 989 2428 1057; x_wconf 89' lang='lat' dir='ltr'>confictis</span> 
     </span>
     <span class='ocr_line' id='line_1_12' title="bbox 96 1094 2427 1185; baseline -0 -22"><span class='ocrx_word' id='word_1_77' title='bbox 96 1097 333 1182; x_wconf 85' lang='lat' dir='ltr'>formis,</span> <span class='ocrx_word' id='word_1_78' title='bbox 382 1118 524 1163; x_wconf 90' lang='lat' dir='ltr'>cum</span> <span class='ocrx_word' id='word_1_79' title='bbox 569 1116 732 1179; x_wconf 90' lang='lat' dir='ltr'>quae</span> <span class='ocrx_word' id='word_1_80' title='bbox 775 1096 956 1163; x_wconf 90' lang='lat' dir='ltr'>latini</span> <span class='ocrx_word' id='word_1_81' title='bbox 1002 1094 1308 1164; x_wconf 89' lang='lat' dir='ltr'>sermonis</span> <span class='ocrx_word' id='word_1_82' title='bbox 1355 1101 1618 1162; x_wconf 87' lang='lat' dir='ltr'>naturae</span> <span class='ocrx_word' id='word_1_83' title='bbox 1664 1094 1985 1178; x_wconf 89' lang='lat' dir='ltr'>indolique</span> <span class='ocrx_word' id='word_1_84' title='bbox 2028 1096 2427 1185; x_wconf 66' lang='lat' dir='ltr'>conuenirent</span> 
     </span>
     <span class='ocr_line' id='line_1_13' title="bbox 97 1196 2425 1290; baseline -0.001 -18"><span class='ocrx_word' id='word_1_85' title='bbox 97 1225 252 1272; x_wconf 88' lang='lat' dir='ltr'>sano</span> <span class='ocrx_word' id='word_1_86' title='bbox 298 1203 534 1271; x_wconf 81' lang='lat' dir='ltr'>iudicio</span> <span class='ocrx_word' id='word_1_87' title='bbox 579 1203 993 1290; x_wconf 72' lang='lat' dir='ltr'>perspiceret,</span> <span class='ocrx_word' id='word_1_88' title='bbox 1050 1220 1195 1270; x_wconf 88' lang='lat' dir='ltr'>eum</span> <span class='ocrx_word' id='word_1_89' title='bbox 1241 1218 1594 1268; x_wconf 87' lang='lat' dir='ltr'>sermonem</span> <span class='ocrx_word' id='word_1_90' title='bbox 1637 1196 1955 1288; x_wconf 86' lang='lat' dir='ltr'>poeticum</span> <span class='ocrx_word' id='word_1_91' title='bbox 1999 1202 2425 1288; x_wconf 73' lang='lat' dir='ltr'>conformauit,</span> 
     </span>
     <span class='ocr_line' id='line_1_14' title="bbox 96 1308 2427 1396; baseline -0 -18"><span class='ocrx_word' id='word_1_92' title='bbox 96 1313 204 1396; x_wconf 90' lang='lat' dir='ltr'>qui</span> <span class='ocrx_word' id='word_1_93' title='bbox 246 1311 540 1378; x_wconf 88' lang='lat' dir='ltr'>omnibus</span> <span class='ocrx_word' id='word_1_94' title='bbox 582 1310 860 1377; x_wconf 91' lang='lat' dir='ltr'>numeris</span> <span class='ocrx_word' id='word_1_95' title='bbox 905 1309 1221 1396; x_wconf 83' lang='lat' dir='ltr'>perfectus</span> <span class='ocrx_word' id='word_1_96' title='bbox 1267 1308 1406 1375; x_wconf 87' lang='lat' dir='ltr'>iure</span> <span class='ocrx_word' id='word_1_97' title='bbox 1449 1326 1617 1375; x_wconf 84' lang='lat' dir='ltr'>nunc</span> <span class='ocrx_word' id='word_1_98' title='bbox 1659 1308 1943 1377; x_wconf 85' lang='lat' dir='ltr'>habetur.</span> <span class='ocrx_word' id='word_1_99' title='bbox 2012 1316 2202 1394; x_wconf 88' lang='lat' dir='ltr'>atque</span> <span class='ocrx_word' id='word_1_100' title='bbox 2229 1311 2427 1378; x_wconf 89' lang='lat' dir='ltr'>Hora-</span> 
     </span>
     <span class='ocr_line' id='line_1_15' title="bbox 95 1415 2429 1502; baseline 0 -16"><span class='ocrx_word' id='word_1_101' title='bbox 95 1419 250 1486; x_wconf 88' lang='lat' dir='ltr'>tium</span> <span class='ocrx_word' id='word_1_102' title='bbox 296 1419 493 1485; x_wconf 86' lang='lat' dir='ltr'>multa</span> <span class='ocrx_word' id='word_1_103' title='bbox 536 1434 839 1502; x_wconf 85' lang='lat' dir='ltr'>nouasse,</span> <span class='ocrx_word' id='word_1_104' title='bbox 882 1416 1141 1485; x_wconf 82' lang='lat' dir='ltr'>disertis</span> <span class='ocrx_word' id='word_1_105' title='bbox 1190 1415 1345 1481; x_wconf 89' lang='lat' dir='ltr'>illud</span> <span class='ocrx_word' id='word_1_106' title='bbox 1389 1416 1769 1483; x_wconf 76' lang='lat' dir='ltr'>testimoniis</span> <span class='ocrx_word' id='word_1_107' title='bbox 1813 1417 2230 1485; x_wconf 86' lang='lat' dir='ltr'>confirmatur.</span> <span class='ocrx_word' id='word_1_108' title='bbox 2313 1419 2429 1486; x_wconf 90' lang='lat' dir='ltr'>Pe-</span> 
     </span>
     <span class='ocr_line' id='line_1_16' title="bbox 95 1521 2427 1611; baseline -0 -18"><span class='ocrx_word' id='word_1_109' title='bbox 95 1528 334 1594; x_wconf 86' lang='lat' dir='ltr'>tronius</span> <span class='ocrx_word' id='word_1_110' title='bbox 398 1527 524 1592; x_wconf 82' lang='lat'>118</span> <span class='ocrx_word' id='word_1_111' title='bbox 571 1521 843 1592; x_wconf 81' lang='lat' dir='ltr'>‘Horatii</span> <span class='ocrx_word' id='word_1_112' title='bbox 900 1523 1149 1590; x_wconf 87' lang='lat' dir='ltr'>curiosa</span> <span class='ocrx_word' id='word_1_113' title='bbox 1204 1521 1534 1604; x_wconf 79' lang='lat' dir='ltr'>felicitas&#39;3</span> <span class='ocrx_word' id='word_1_114' title='bbox 1603 1523 2027 1601; x_wconf 80' lang='lat' dir='ltr'>Quintilianus</span> <span class='ocrx_word' id='word_1_115' title='bbox 2081 1524 2178 1610; x_wconf 86' lang='lat' dir='ltr'>X,</span> <span class='ocrx_word' id='word_1_116' title='bbox 2227 1527 2293 1611; x_wconf 90' lang='lat'>1,</span> <span class='ocrx_word' id='word_1_117' title='bbox 2339 1527 2427 1592; x_wconf 75' lang='grc'>96</span> 
     </span>
     <span class='ocr_line' id='line_1_17' title="bbox 91 1629 2428 1717; baseline 0 -18"><span class='ocrx_word' id='word_1_118' title='bbox 91 1633 419 1701; x_wconf 83' lang='lat' dir='ltr'>‘Horatius</span> <span class='ocrx_word' id='word_1_119' title='bbox 465 1633 681 1699; x_wconf 89' lang='lat' dir='ltr'>uarius</span> <span class='ocrx_word' id='word_1_120' title='bbox 723 1631 943 1717; x_wconf 88' lang='lat' dir='ltr'>figuris</span> <span class='ocrx_word' id='word_1_121' title='bbox 990 1637 1054 1698; x_wconf 92' lang='lat' dir='ltr'>et</span> <span class='ocrx_word' id='word_1_122' title='bbox 1095 1629 1306 1697; x_wconf 88' lang='lat' dir='ltr'>uerbis</span> <span class='ocrx_word' id='word_1_123' title='bbox 1354 1629 1719 1698; x_wconf 84' lang='lat' dir='ltr'>felicissime</span> <span class='ocrx_word' id='word_1_124' title='bbox 1759 1630 2011 1698; x_wconf 75' lang='lat' dir='ltr'>audax?</span> <span class='ocrx_word' id='word_1_125' title='bbox 2074 1633 2190 1700; x_wconf 90' lang='lat' dir='ltr'>sed</span> <span class='ocrx_word' id='word_1_126' title='bbox 2216 1632 2428 1717; x_wconf 88' lang='lat' dir='ltr'>ipsum</span> 
     </span>
     <span class='ocr_line' id='line_1_18' title="bbox 94 1738 1654 1824; baseline -0.001 -18"><span class='ocrx_word' id='word_1_127' title='bbox 94 1741 425 1809; x_wconf 89' lang='lat' dir='ltr'>Horatium</span> <span class='ocrx_word' id='word_1_128' title='bbox 471 1738 825 1809; x_wconf 84' lang='lat' dir='ltr'>audiamus.</span> <span class='ocrx_word' id='word_1_129' title='bbox 892 1739 1010 1824; x_wconf 85' lang='lat' dir='ltr'>Ep.</span> <span class='ocrx_word' id='word_1_130' title='bbox 1040 1739 1121 1823; x_wconf 88' lang='lat' dir='ltr'>H,</span> <span class='ocrx_word' id='word_1_131' title='bbox 1154 1740 1215 1823; x_wconf 77' lang='lat'>2,</span> <span class='ocrx_word' id='word_1_132' title='bbox 1255 1739 1378 1804; x_wconf 85' lang='lat'>109</span> <span class='ocrx_word' id='word_1_133' title='bbox 1394 1738 1654 1806; x_wconf 51' lang='lat'>-1-125:</span> 
     </span>
    </p>

    <p class='ocr_par' dir='ltr' id='par_1_7' title="bbox 412 1857 1738 1938">
     <span class='ocr_line' id='line_1_19' title="bbox 412 1857 1738 1938; baseline -0.001 -18"><span class='ocrx_word' id='word_1_134' title='bbox 412 1865 476 1920; x_wconf 88' lang='lat' dir='ltr'>at</span> <span class='ocrx_word' id='word_1_135' title='bbox 515 1860 617 1936; x_wconf 85' lang='lat' dir='ltr'>qui</span> <span class='ocrx_word' id='word_1_136' title='bbox 655 1859 979 1938; x_wconf 87' lang='lat' dir='ltr'>legitimum</span> <span class='ocrx_word' id='word_1_137' title='bbox 1021 1858 1221 1935; x_wconf 89' lang='lat' dir='ltr'>cupiet</span> <span class='ocrx_word' id='word_1_138' title='bbox 1257 1857 1471 1920; x_wconf 86' lang='lat' dir='ltr'>fecisse</span> <span class='ocrx_word' id='word_1_139' title='bbox 1509 1876 1738 1938; x_wconf 81' lang='lat' dir='ltr'>poema,</span> 
     </span>
    </p>

    <p class='ocr_par' dir='ltr' id='par_1_8' title="bbox 412 1955 1938 2036">
     <span class='ocr_line' id='line_1_20' title="bbox 412 1955 1938 2036; baseline -0.001 -17"><span class='ocrx_word' id='word_1_140' title='bbox 412 1974 544 2019; x_wconf 81' lang='lat' dir='ltr'>cum</span> <span class='ocrx_word' id='word_1_141' title='bbox 583 1959 811 2019; x_wconf 84' lang='lat' dir='ltr'>tabulis</span> <span class='ocrx_word' id='word_1_142' title='bbox 844 1957 1105 2017; x_wconf 85' lang='lat' dir='ltr'>animum</span> <span class='ocrx_word' id='word_1_143' title='bbox 1145 1958 1409 2019; x_wconf 82' lang='lat' dir='ltr'>censoris</span> <span class='ocrx_word' id='word_1_144' title='bbox 1448 1960 1641 2018; x_wconf 83' lang='lat' dir='ltr'>sumet</span> <span class='ocrx_word' id='word_1_145' title='bbox 1677 1955 1938 2036; x_wconf 67' lang='lat' dir='ltr'>honestig</span> 
     </span>
    </p>

    <p class='ocr_par' dir='ltr' id='par_1_9' title="bbox 412 2054 2073 2135">
     <span class='ocr_line' id='line_1_21' title="bbox 412 2054 2073 2135; baseline -0.002 -18"><span class='ocrx_word' id='word_1_146' title='bbox 412 2056 672 2135; x_wconf 77' lang='lat' dir='ltr'>audebit,</span> <span class='ocrx_word' id='word_1_147' title='bbox 712 2072 1114 2132; x_wconf 86' lang='lat' dir='ltr'>quaecumque</span> <span class='ocrx_word' id='word_1_148' title='bbox 1152 2072 1363 2133; x_wconf 86' lang='lat' dir='ltr'>parum</span> <span class='ocrx_word' id='word_1_149' title='bbox 1404 2055 1733 2132; x_wconf 77' lang='lat' dir='ltr'>splendoris</span> <span class='ocrx_word' id='word_1_150' title='bbox 1771 2054 2073 2121; x_wconf 76' lang='lat' dir='ltr'>habebunt</span> 
     </span>
    </p>

    <p class='ocr_par' dir='ltr' id='par_1_10' title="bbox 412 2152 2113 2232">
     <span class='ocr_line' id='line_1_22' title="bbox 412 2152 2113 2232; baseline -0.003 -14"><span class='ocrx_word' id='word_1_151' title='bbox 412 2157 475 2228; x_wconf 82' lang='lat' dir='ltr'>et</span> <span class='ocrx_word' id='word_1_152' title='bbox 513 2155 642 2216; x_wconf 90' lang='lat' dir='ltr'>sine</span> <span class='ocrx_word' id='word_1_153' title='bbox 680 2153 940 2232; x_wconf 84' lang='lat' dir='ltr'>pondere</span> <span class='ocrx_word' id='word_1_154' title='bbox 981 2157 1152 2220; x_wconf 80' lang='lat' dir='ltr'>erunt</span> <span class='ocrx_word' id='word_1_155' title='bbox 1191 2157 1253 2217; x_wconf 90' lang='lat' dir='ltr'>et</span> <span class='ocrx_word' id='word_1_156' title='bbox 1287 2153 1513 2216; x_wconf 89' lang='lat' dir='ltr'>honore</span> <span class='ocrx_word' id='word_1_157' title='bbox 1551 2152 1796 2232; x_wconf 77' lang='lat' dir='ltr'>indigna</span> <span class='ocrx_word' id='word_1_158' title='bbox 1835 2153 2113 2232; x_wconf 72' lang='lat' dir='ltr'>ferentur,</span> 
     </span>
    </p>

    <p class='ocr_par' dir='ltr' id='par_1_11' title="bbox 411 2251 1919 2332">
     <span class='ocr_line' id='line_1_23' title="bbox 411 2251 1919 2332; baseline -0.003 -17"><span class='ocrx_word' id='word_1_159' title='bbox 411 2252 598 2318; x_wconf 83' lang='lat' dir='ltr'>uerba</span> <span class='ocrx_word' id='word_1_160' title='bbox 636 2269 872 2315; x_wconf 88' lang='lat' dir='ltr'>mouere</span> <span class='ocrx_word' id='word_1_161' title='bbox 912 2253 1063 2332; x_wconf 87' lang='lat' dir='ltr'>loco,</span> <span class='ocrx_word' id='word_1_162' title='bbox 1103 2254 1376 2329; x_wconf 83' lang='lat' dir='ltr'>quamuis</span> <span class='ocrx_word' id='word_1_163' title='bbox 1413 2253 1604 2315; x_wconf 75' lang='lat' dir='ltr'>inuita¹</span> <span class='ocrx_word' id='word_1_164' title='bbox 1640 2251 1919 2314; x_wconf 75' lang='lat' dir='ltr'>recedant</span> 
     </span>
    </p>

    <p class='ocr_par' dir='ltr' id='par_1_12' title="bbox 411 2350 1894 2430">
     <span class='ocr_line' id='line_1_24' title="bbox 411 2350 1894 2430; baseline -0.002 -18"><span class='ocrx_word' id='word_1_165' title='bbox 411 2355 473 2412; x_wconf 92' lang='lat' dir='ltr'>et</span> <span class='ocrx_word' id='word_1_166' title='bbox 512 2355 821 2413; x_wconf 88' lang='lat' dir='ltr'>uersentur</span> <span class='ocrx_word' id='word_1_167' title='bbox 860 2350 1054 2411; x_wconf 88' lang='lat' dir='ltr'>adhuc</span> <span class='ocrx_word' id='word_1_168' title='bbox 1094 2352 1250 2411; x_wconf 89' lang='lat' dir='ltr'>intra</span> <span class='ocrx_word' id='word_1_169' title='bbox 1287 2351 1615 2430; x_wconf 85' lang='lat' dir='ltr'>penetralia</span> <span class='ocrx_word' id='word_1_170' title='bbox 1653 2351 1894 2427; x_wconf 79' lang='lat' dir='ltr'>Vestae3</span> 
     </span>
    </p>

    <p class='ocr_par' dir='ltr' id='par_1_13' title="bbox 410 2449 1769 2525">
     <span class='ocr_line' id='line_1_25' title="bbox 410 2449 1769 2525; baseline -0.001 -16"><span class='ocrx_word' id='word_1_171' title='bbox 410 2450 726 2510; x_wconf 89' lang='lat' dir='ltr'>obscurata</span> <span class='ocrx_word' id='word_1_172' title='bbox 766 2449 866 2511; x_wconf 90' lang='lat' dir='ltr'>diu</span> <span class='ocrx_word' id='word_1_173' title='bbox 903 2451 1121 2525; x_wconf 89' lang='lat' dir='ltr'>populo</span> <span class='ocrx_word' id='word_1_174' title='bbox 1160 2449 1350 2509; x_wconf 91' lang='lat' dir='ltr'>bonus</span> <span class='ocrx_word' id='word_1_175' title='bbox 1389 2452 1556 2512; x_wconf 89' lang='lat' dir='ltr'>eruet</span> <span class='ocrx_word' id='word_1_176' title='bbox 1594 2450 1769 2524; x_wconf 86' lang='lat' dir='ltr'>atque</span> 
     </span>
    </p>

    <p class='ocr_par' dir='ltr' id='par_1_14' title="bbox 409 2547 1891 2623">
     <span class='ocr_line' id='line_1_26' title="bbox 409 2547 1891 2623; baseline -0.001 -17"><span class='ocrx_word' id='word_1_177' title='bbox 409 2548 672 2623; x_wconf 85' lang='lat' dir='ltr'>proferat</span> <span class='ocrx_word' id='word_1_178' title='bbox 709 2548 773 2608; x_wconf 93' lang='lat' dir='ltr'>in</span> <span class='ocrx_word' id='word_1_179' title='bbox 813 2549 1003 2609; x_wconf 93' lang='lat' dir='ltr'>lucem</span> <span class='ocrx_word' id='word_1_180' title='bbox 1044 2547 1313 2623; x_wconf 88' lang='lat' dir='ltr'>speciosa</span> <span class='ocrx_word' id='word_1_181' title='bbox 1354 2547 1641 2606; x_wconf 87' lang='lat' dir='ltr'>uocabula</span> <span class='ocrx_word' id='word_1_182' title='bbox 1679 2563 1891 2623; x_wconf 88' lang='lat' dir='ltr'>rerum,</span> 
     </span>
    </p>

    <p class='ocr_par' dir='ltr' id='par_1_15' title="bbox 410 2640 2081 2722">
     <span class='ocr_line' id='line_1_27' title="bbox 410 2640 2081 2722; baseline -0.002 -16"><span class='ocrx_word' id='word_1_183' title='bbox 410 2663 562 2722; x_wconf 89' lang='lat' dir='ltr'>quae</span> <span class='ocrx_word' id='word_1_184' title='bbox 601 2645 816 2722; x_wconf 82' lang='lat' dir='ltr'>priscis</span> <span class='ocrx_word' id='word_1_185' title='bbox 857 2648 1179 2705; x_wconf 87' lang='lat' dir='ltr'>memorata</span> <span class='ocrx_word' id='word_1_186' title='bbox 1220 2644 1544 2705; x_wconf 86' lang='lat' dir='ltr'>Catonibus</span> <span class='ocrx_word' id='word_1_187' title='bbox 1584 2647 1761 2721; x_wconf 86' lang='lat' dir='ltr'>atque</span> <span class='ocrx_word' id='word_1_188' title='bbox 1802 2640 2081 2719; x_wconf 85' lang='lat' dir='ltr'>Cethegis</span> 
     </span>
    </p>

    <p class='ocr_par' dir='ltr' id='par_1_16' title="bbox 409 2741 2023 2819">
     <span class='ocr_line' id='line_1_28' title="bbox 409 2741 2023 2819; baseline -0.002 -16"><span class='ocrx_word' id='word_1_189' title='bbox 409 2759 566 2804; x_wconf 92' lang='lat' dir='ltr'>nunc</span> <span class='ocrx_word' id='word_1_190' title='bbox 607 2744 756 2804; x_wconf 91' lang='lat' dir='ltr'>situs</span> <span class='ocrx_word' id='word_1_191' title='bbox 796 2742 1064 2804; x_wconf 89' lang='lat' dir='ltr'>informis</span> <span class='ocrx_word' id='word_1_192' title='bbox 1101 2741 1316 2819; x_wconf 88' lang='lat' dir='ltr'>premit</span> <span class='ocrx_word' id='word_1_193' title='bbox 1357 2745 1417 2803; x_wconf 92' lang='lat' dir='ltr'>et</span> <span class='ocrx_word' id='word_1_194' title='bbox 1456 2741 1689 2802; x_wconf 86' lang='lat' dir='ltr'>deserta</span> <span class='ocrx_word' id='word_1_195' title='bbox 1728 2744 2023 2819; x_wconf 81' lang='lat' dir='ltr'>uetustas3</span> 
     </span>
    </p>

    <p class='ocr_par' dir='ltr' id='par_1_17' title="bbox 411 2819 1959 2921">
     <span class='ocr_line' id='line_1_29' title="bbox 411 2819 1959 2921; baseline -0.001 -21"><span class='ocrx_word' id='word_1_196' title='bbox 411 2840 703 2902; x_wconf 86' lang='lat' dir='ltr'>adsciscet</span> <span class='ocrx_word' id='word_1_197' title='bbox 741 2819 915 2921; x_wconf 66' lang='lat' dir='ltr'>notia,</span> <span class='ocrx_word' id='word_1_198' title='bbox 957 2857 1108 2916; x_wconf 91' lang='lat' dir='ltr'>quae</span> <span class='ocrx_word' id='word_1_199' title='bbox 1148 2840 1380 2918; x_wconf 88' lang='lat' dir='ltr'>genitor</span> <span class='ocrx_word' id='word_1_200' title='bbox 1416 2838 1761 2916; x_wconf 85' lang='lat' dir='ltr'>produxerit</span> <span class='ocrx_word' id='word_1_201' title='bbox 1799 2851 1959 2900; x_wconf 86' lang='lat' dir='ltr'>usus.</span> 
     </span>
    </p>

    <p class='ocr_par' dir='ltr' id='par_1_18' title="bbox 409 2936 1925 3015">
     <span class='ocr_line' id='line_1_30' title="bbox 409 2936 1925 3015; baseline -0.001 -15"><span class='ocrx_word' id='word_1_202' title='bbox 409 2954 651 3001; x_wconf 85' lang='lat' dir='ltr'>nemens</span> <span class='ocrx_word' id='word_1_203' title='bbox 691 2943 753 3001; x_wconf 87' lang='lat' dir='ltr'>et</span> <span class='ocrx_word' id='word_1_204' title='bbox 789 2936 1047 3015; x_wconf 87' lang='lat' dir='ltr'>liquidus</span> <span class='ocrx_word' id='word_1_205' title='bbox 1086 2953 1350 3015; x_wconf 87' lang='lat' dir='ltr'>puroque</span> <span class='ocrx_word' id='word_1_206' title='bbox 1392 2937 1722 2997; x_wconf 89' lang='lat' dir='ltr'>simillimus</span> <span class='ocrx_word' id='word_1_207' title='bbox 1763 2938 1925 2998; x_wconf 90' lang='lat' dir='ltr'>amni</span> 
     </span>
    </p>

    <p class='ocr_par' dir='ltr' id='par_1_19' title="bbox 412 3034 1929 3115">
     <span class='ocr_line' id='line_1_31' title="bbox 412 3034 1929 3115; baseline -0.001 -18"><span class='ocrx_word' id='word_1_208' title='bbox 412 3037 620 3098; x_wconf 85' lang='lat' dir='ltr'>fundet</span> <span class='ocrx_word' id='word_1_209' title='bbox 656 3055 801 3115; x_wconf 87' lang='lat' dir='ltr'>opes</span> <span class='ocrx_word' id='word_1_210' title='bbox 840 3037 1193 3113; x_wconf 85' lang='lat' dir='ltr'>Latiumque</span> <span class='ocrx_word' id='word_1_211' title='bbox 1233 3037 1436 3097; x_wconf 88' lang='lat' dir='ltr'>beabit</span> <span class='ocrx_word' id='word_1_212' title='bbox 1473 3034 1657 3095; x_wconf 78' lang='lat' dir='ltr'>diuite</span> <span class='ocrx_word' id='word_1_213' title='bbox 1698 3035 1929 3114; x_wconf 83' lang='lat' dir='ltr'>lingua3</span> 
     </span>
    </p>

    <p class='ocr_par' dir='ltr' id='par_1_20' title="bbox 408 3135 1795 3213">
     <span class='ocr_line' id='line_1_32' title="bbox 408 3135 1795 3213; baseline -0.003 -17"><span class='ocrx_word' id='word_1_214' title='bbox 408 3136 768 3196; x_wconf 84' lang='lat' dir='ltr'>luxuriantia</span> <span class='ocrx_word' id='word_1_215' title='bbox 807 3139 1140 3213; x_wconf 84' lang='lat' dir='ltr'>conpescet,</span> <span class='ocrx_word' id='word_1_216' title='bbox 1180 3135 1359 3195; x_wconf 86' lang='lat' dir='ltr'>nimis</span> <span class='ocrx_word' id='word_1_217' title='bbox 1395 3150 1609 3210; x_wconf 83' lang='lat' dir='ltr'>aspera</span> <span class='ocrx_word' id='word_1_218' title='bbox 1625 3173 1630 3184; x_wconf 87' lang='lat'>·</span> <span class='ocrx_word' id='word_1_219' title='bbox 1648 3148 1795 3193; x_wconf 76' lang='lat' dir='ltr'>sano</span> 
     </span>
    </p>

    <p class='ocr_par' dir='ltr' id='par_1_21' title="bbox 406 3223 1635 3312">
     <span class='ocr_line' id='line_1_33' title="bbox 406 3223 1635 3312; baseline -0.004 -18"><span class='ocrx_word' id='word_1_220' title='bbox 406 3223 634 3296; x_wconf 70' lang='lat' dir='ltr'>leuab&#39;it</span> <span class='ocrx_word' id='word_1_221' title='bbox 673 3235 850 3312; x_wconf 86' lang='lat' dir='ltr'>cultu,</span> <span class='ocrx_word' id='word_1_222' title='bbox 890 3233 1108 3294; x_wconf 85' lang='lat' dir='ltr'>uirtute</span> <span class='ocrx_word' id='word_1_223' title='bbox 1149 3232 1414 3294; x_wconf 83' lang='lat' dir='ltr'>carentia</span> <span class='ocrx_word' id='word_1_224' title='bbox 1452 3231 1635 3310; x_wconf 85' lang='lat' dir='ltr'>tollet,</span> 
     </span>
    </p>

    <p class='ocr_par' dir='ltr' id='par_1_22' title="bbox 409 3324 2031 3407">
     <span class='ocr_line' id='line_1_34' title="bbox 409 3324 2031 3407; baseline -0.002 -15"><span class='ocrx_word' id='word_1_225' title='bbox 409 3331 667 3394; x_wconf 86' lang='lat' dir='ltr'>ludentis</span> <span class='ocrx_word' id='word_1_226' title='bbox 707 3331 964 3407; x_wconf 83' lang='lat' dir='ltr'>speciem</span> <span class='ocrx_word' id='word_1_227' title='bbox 1006 3330 1173 3392; x_wconf 86' lang='lat' dir='ltr'>dabit</span> <span class='ocrx_word' id='word_1_228' title='bbox 1208 3334 1271 3390; x_wconf 88' lang='lat' dir='ltr'>et</span> <span class='ocrx_word' id='word_1_229' title='bbox 1309 3329 1677 3405; x_wconf 86' lang='lat' dir='ltr'>torquebitur</span> <span class='ocrx_word' id='word_1_230' title='bbox 1715 3332 1782 3392; x_wconf 84' lang='lat' dir='ltr'>ut</span> <span class='ocrx_word' id='word_1_231' title='bbox 1820 3328 1924 3404; x_wconf 85' lang='lat' dir='ltr'>qui</span> <span class='ocrx_word' id='word_1_232' title='bbox 2018 3324 2031 3340; x_wconf 86' lang='lat'>&#39;</span> 
     </span>
    </p>

    <p class='ocr_par' dir='ltr' id='par_1_23' title="bbox 408 3426 2056 3508">
     <span class='ocr_line' id='line_1_35' title="bbox 408 3426 2056 3508; baseline -0.004 -19"><span class='ocrx_word' id='word_1_233' title='bbox 408 3448 566 3491; x_wconf 91' lang='lat' dir='ltr'>nunc</span> <span class='ocrx_word' id='word_1_234' title='bbox 605 3429 901 3508; x_wconf 79' lang='lat' dir='ltr'>Satyrum,</span> <span class='ocrx_word' id='word_1_235' title='bbox 941 3446 1098 3490; x_wconf 90' lang='lat' dir='ltr'>nunc</span> <span class='ocrx_word' id='word_1_236' title='bbox 1137 3431 1431 3506; x_wconf 78' lang='lat' dir='ltr'>agrestem</span> <span class='ocrx_word' id='word_1_237' title='bbox 1473 3427 1735 3505; x_wconf 82' lang='lat' dir='ltr'>Cyclopa</span> <span class='ocrx_word' id='word_1_238' title='bbox 1772 3426 2056 3490; x_wconf 85' lang='lat' dir='ltr'>mouetur.</span> 
     </span>
    </p>
   </div>
   <div class='ocr_carea' id='block_1_7' title="bbox 91 3550 2430 4286">
    <p class='ocr_par' dir='ltr' id='par_1_24' title="bbox 91 3550 2430 4286">
     <span class='ocr_line' id='line_1_36' title="bbox 93 3550 2422 3643; baseline -0.003 -19"><span class='ocrx_word' id='word_1_239' title='bbox 93 3579 209 3624; x_wconf 89' lang='lat' dir='ltr'>nec</span> <span class='ocrx_word' id='word_1_240' title='bbox 253 3557 462 3625; x_wconf 88' lang='lat' dir='ltr'>minus</span> <span class='ocrx_word' id='word_1_241' title='bbox 509 3559 704 3643; x_wconf 87' lang='lat' dir='ltr'>digna</span> <span class='ocrx_word' id='word_1_242' title='bbox 747 3563 923 3642; x_wconf 87' lang='lat' dir='ltr'>sunt,</span> <span class='ocrx_word' id='word_1_243' title='bbox 969 3577 1134 3641; x_wconf 79' lang='lat' dir='ltr'>quae</span> <span class='ocrx_word' id='word_1_244' title='bbox 1173 3557 1278 3624; x_wconf 89' lang='lat' dir='ltr'>hic</span> <span class='ocrx_word' id='word_1_245' title='bbox 1307 3558 1612 3642; x_wconf 82' lang='lat' dir='ltr'>legantur,</span> <span class='ocrx_word' id='word_1_246' title='bbox 1657 3575 1717 3623; x_wconf 85' lang='lat' dir='ltr'>a.</span> <span class='ocrx_word' id='word_1_247' title='bbox 1746 3578 1811 3643; x_wconf 91' lang='lat' dir='ltr'>p.</span> <span class='ocrx_word' id='word_1_248' title='bbox 1840 3556 1923 3620; x_wconf 78' lang='lat'>47</span> <span class='ocrx_word' id='word_1_249' title='bbox 1937 3550 2141 3636; x_wconf 75' lang='lat'><strong>-—59‚</strong></span> <span class='ocrx_word' id='word_1_250' title='bbox 2196 3551 2422 3636; x_wconf 84' lang='lat' dir='ltr'>quibus</span> 
     </span>
     <span class='ocr_line' id='line_1_37' title="bbox 91 3659 2426 3751; baseline -0.002 -21"><span class='ocrx_word' id='word_1_251' title='bbox 91 3665 257 3732; x_wconf 88' lang='lat' dir='ltr'>hanc</span> <span class='ocrx_word' id='word_1_252' title='bbox 298 3665 617 3732; x_wconf 86' lang='lat' dir='ltr'>licentiam</span> <span class='ocrx_word' id='word_1_253' title='bbox 664 3666 788 3733; x_wconf 90' lang='lat' dir='ltr'>sibi</span> <span class='ocrx_word' id='word_1_254' title='bbox 833 3671 897 3731; x_wconf 90' lang='lat' dir='ltr'>et</span> <span class='ocrx_word' id='word_1_255' title='bbox 941 3665 1230 3731; x_wconf 77' lang='lat' dir='ltr'>omnibus</span> <span class='ocrx_word' id='word_1_256' title='bbox 1270 3666 1482 3751; x_wconf 80' lang='lat' dir='ltr'>poetis</span> <span class='ocrx_word' id='word_1_257' title='bbox 1525 3664 1809 3749; x_wconf 86' lang='lat' dir='ltr'>adrogat,</span> <span class='ocrx_word' id='word_1_258' title='bbox 1852 3669 1925 3729; x_wconf 87' lang='lat' dir='ltr'>ut</span> <span class='ocrx_word' id='word_1_259' title='bbox 1959 3662 2159 3728; x_wconf 85' lang='lat' dir='ltr'>uerba</span> <span class='ocrx_word' id='word_1_260' title='bbox 2175 3659 2426 3743; x_wconf 85' lang='lat' dir='ltr'>‘fingere</span> 
     </span>
     <span class='ocr_line' id='line_1_38' title="bbox 92 3766 2430 3856; baseline -0.001 -19"><span class='ocrx_word' id='word_1_261' title='bbox 92 3793 170 3837; x_wconf 90' lang='lat' dir='ltr'>ac</span> <span class='ocrx_word' id='word_1_262' title='bbox 213 3772 586 3856; x_wconf 85' lang='lat' dir='ltr'>praesertim</span> <span class='ocrx_word' id='word_1_263' title='bbox 631 3772 886 3855; x_wconf 85' lang='lat' dir='ltr'>ignotae</span> <span class='ocrx_word' id='word_1_264' title='bbox 931 3771 1122 3838; x_wconf 83' lang='lat' dir='ltr'>alicui</span> <span class='ocrx_word' id='word_1_265' title='bbox 1150 3772 1244 3840; x_wconf 89' lang='lat' dir='ltr'>rei</span> <span class='ocrx_word' id='word_1_266' title='bbox 1273 3773 1557 3856; x_wconf 87' lang='lat' dir='ltr'>ignotum</span> <span class='ocrx_word' id='word_1_267' title='bbox 1586 3788 1835 3853; x_wconf 84' lang='lat' dir='ltr'>quoque</span> <span class='ocrx_word' id='word_1_268' title='bbox 1864 3788 2096 3835; x_wconf 20' lang='lat' dir='ltr'>nomen*</span> <span class='ocrx_word' id='word_1_269' title='bbox 2123 3766 2430 3852; x_wconf 82' lang='lat' dir='ltr'>inponere</span> 
     </span>
     <span class='ocr_line' id='line_1_39' title="bbox 92 3875 2427 3964; baseline -0.001 -22"><span class='ocrx_word' id='word_1_270' title='bbox 92 3879 297 3962; x_wconf 83' lang='lat' dir='ltr'>liceat,</span> <span class='ocrx_word' id='word_1_271' title='bbox 358 3899 437 3943; x_wconf 89' lang='lat' dir='ltr'>ea</span> <span class='ocrx_word' id='word_1_272' title='bbox 482 3896 631 3942; x_wconf 83' lang='lat' dir='ltr'>uero</span> <span class='ocrx_word' id='word_1_273' title='bbox 675 3878 973 3946; x_wconf 80' lang='lat' dir='ltr'>facillime</span> <span class='ocrx_word' id='word_1_274' title='bbox 1018 3899 1139 3947; x_wconf 84' lang='lat' dir='ltr'>usu</span> <span class='ocrx_word' id='word_1_275' title='bbox 1183 3885 1503 3964; x_wconf 84' lang='lat' dir='ltr'>receptum</span> <span class='ocrx_word' id='word_1_276' title='bbox 1548 3877 1657 3961; x_wconf 89' lang='lat' dir='ltr'>iri,</span> <span class='ocrx_word' id='word_1_277' title='bbox 1703 3897 1867 3959; x_wconf 91' lang='lat' dir='ltr'>quae</span> <span class='ocrx_word' id='word_1_278' title='bbox 1915 3876 1997 3944; x_wconf 86' lang='lat' dir='ltr'>ad</span> <span class='ocrx_word' id='word_1_279' title='bbox 2045 3875 2260 3961; x_wconf 89' lang='lat' dir='ltr'>graeci</span> <span class='ocrx_word' id='word_1_280' title='bbox 2303 3893 2427 3941; x_wconf 77' lang='lat' dir='ltr'>ser—</span> 
     </span>
     <span class='ocr_line' id='line_1_40' title="bbox 95 3981 2426 4069; baseline -0.001 -22"><span class='ocrx_word' id='word_1_281' title='bbox 95 3985 298 4051; x_wconf 89' lang='lat' dir='ltr'>monis</span> <span class='ocrx_word' id='word_1_282' title='bbox 329 3983 687 4067; x_wconf 81' lang='lat' dir='ltr'>exemplum</span> <span class='ocrx_word' id='word_1_283' title='bbox 716 3984 888 4051; x_wconf 79' lang='lat' dir='ltr'>facta</span> <span class='ocrx_word' id='word_1_284' title='bbox 917 3986 1062 4053; x_wconf 87' lang='lat' dir='ltr'>sint.</span> <span class='ocrx_word' id='word_1_285' title='bbox 1121 3985 1278 4052; x_wconf 91' lang='lat' dir='ltr'>illud</span> <span class='ocrx_word' id='word_1_286' title='bbox 1307 3991 1537 4068; x_wconf 87' lang='lat' dir='ltr'>tamen,</span> <span class='ocrx_word' id='word_1_287' title='bbox 1568 3982 1737 4068; x_wconf 90' lang='lat' dir='ltr'>quod</span> <span class='ocrx_word' id='word_1_288' title='bbox 1770 4004 1826 4049; x_wconf 88' lang='lat' dir='ltr'>u.</span> <span class='ocrx_word' id='word_1_289' title='bbox 1850 3984 1935 4049; x_wconf 81' lang='lat'>47</span> <span class='ocrx_word' id='word_1_290' title='bbox 1974 3981 2426 4069; x_wconf 48' lang='lat' dir='ltr'>dicig‘dixeris</span> 
     </span>
     <span class='ocr_line' id='line_1_41' title="bbox 97 4083 2426 4173; baseline -0.002 -16"><span class='ocrx_word' id='word_1_291' title='bbox 97 4091 351 4173; x_wconf 84' lang='lat' dir='ltr'>egregie</span> <span class='ocrx_word' id='word_1_292' title='bbox 403 4096 621 4154; x_wconf 84' lang='lat' dir='ltr'>notum</span> <span class='ocrx_word' id='word_1_293' title='bbox 675 4088 734 4154; x_wconf 91' lang='lat' dir='ltr'>si</span> <span class='ocrx_word' id='word_1_294' title='bbox 786 4092 1017 4162; x_wconf 80' lang='lat' dir='ltr'>callida</span> <span class='ocrx_word' id='word_1_295' title='bbox 1080 4094 1343 4159; x_wconf 83' lang='lat' dir='ltr'>uerbum</span> <span class='ocrx_word' id='word_1_296' title='bbox 1407 4090 1755 4159; x_wconf 87' lang='lat' dir='ltr'>reddiderit</span> <span class='ocrx_word' id='word_1_297' title='bbox 1807 4090 2102 4158; x_wconf 87' lang='lat' dir='ltr'>iunctura</span> <span class='ocrx_word' id='word_1_298' title='bbox 2150 4083 2426 4172; x_wconf 78' lang='lat' dir='ltr'>nouum&#39;,</span> 
     </span>
     <span class='ocr_line' id='line_1_42' title="bbox 98 4195 2429 4286; baseline 0 -26"><span class='ocrx_word' id='word_1_299' title='bbox 98 4215 431 4279; x_wconf 88' lang='lat' dir='ltr'>perperam</span> <span class='ocrx_word' id='word_1_300' title='bbox 495 4195 575 4261; x_wconf 89' lang='lat' dir='ltr'>ab</span> <span class='ocrx_word' id='word_1_301' title='bbox 646 4195 858 4262; x_wconf 90' lang='lat' dir='ltr'>multis</span> <span class='ocrx_word' id='word_1_302' title='bbox 925 4197 1006 4264; x_wconf 89' lang='lat' dir='ltr'>de</span> <span class='ocrx_word' id='word_1_303' title='bbox 1073 4199 1285 4267; x_wconf 89' lang='lat' dir='ltr'>uerbis</span> <span class='ocrx_word' id='word_1_304' title='bbox 1355 4197 1783 4286; x_wconf 88' lang='lat' dir='ltr'>conpositione</span> <span class='ocrx_word' id='word_1_305' title='bbox 1851 4195 2038 4265; x_wconf 87' lang='lat' dir='ltr'>factis</span> <span class='ocrx_word' id='word_1_306' title='bbox 2106 4195 2429 4283; x_wconf 81' lang='lat' dir='ltr'>accipitur,</span> 
     </span>
    </p>
   </div>
  </div>
 </body>
</html>
