2638 4404
204 1151 422 1275 Quod
477 1210 746 1276 magnus
790 1188 1117 1259 Bentleius
1168 1195 1314 1257 ante
1370 1188 1488 1257 hos
1546 1207 1753 1274 paene
1809 1185 2111 1256 ducentos
2156 1208 2357 1257 annos
2403 1188 2530 1256 iam

201 1297 580 1384 Obseruauit,
625 1297 825 1365 multa
867 1297 1039 1384 apud
1084 1297 1413 1365 Horatium
1459 1302 1677 1364 extare
1717 1294 2079 1381 singularia,
2125 1296 2191 1363 id
2223 1303 2533 1381 quatenus

197 1428 420 1476 uerum
477 1406 562 1474 sit
614 1425 930 1490 quamque
984 1405 1112 1472 late
1163 1410 1409 1492 pateat,
1464 1403 1781 1471 neminem
1827 1402 2036 1471 adhuc
2078 1405 2369 1472 omnibus
2415 1404 2535 1471 col-

196 1514 378 1584 lectis
426 1513 822 1599 quaesiuisse
865 1513 931 1580 in
974 1519 1151 1581 tanta
1192 1512 1544 1581 libellorum
1589 1509 1672 1579 de
1710 1511 1973 1579 Horatio
2016 1513 2352 1596 quotannis
2397 1532 2536 1599 pro-

204 1621 530 1691 deuntium
574 1619 971 1688 multitudine
1015 1620 1151 1693 iure
1196 1620 1513 1691 miramur.
1601 1639 1721 1687 nec
1772 1639 1924 1686 uero
1978 1619 2324 1687 timendum
2383 1626 2533 1704 erat,
2633 1706 2634 1709 Ἴ

207 1750 287 1807 ne
330 1729 410 1796 de
439 1728 702 1796 Horatio
745 1732 870 1796 non
916 1730 1078 1796 bene
1106 1734 1466 1812 mereretur,
1512 1726 1620 1811 qui
1650 1747 1791 1795 eam
1821 1747 2080 1813 operam
2113 1728 2182 1794 in
2227 1749 2299 1796 se
2343 1727 2536 1795 susci-

202 1843 408 1923 peret3
472 1836 710 1923 quippe
763 1836 1034 1904 tuendus
1093 1842 1231 1904 erat
1280 1832 1628 1917 iandudum
1683 1835 1984 1905 Horatius
2040 1837 2121 1905 ab
2177 1855 2394 1903 eorum
2448 1835 2536 1900 in-

201 1943 617 2030 pugnatione,
676 1944 786 2028 qui
841 1943 1042 2013 sicubi
1085 1964 1307 2012 uocem
1350 1943 1457 2011 uel
1501 1943 1841 2013 dictionem
1873 1942 2272 2028 ,singularem
2318 1943 2538 2031 depre-

203 2051 580 2135 henderunt,
633 2057 744 2118 aut
785 2058 1022 2136 negant
1063 2052 1316 2118 omnino
1362 2051 1624 2118 latinam
1669 2071 1814 2118 esse
1857 2056 1972 2117 aut
2014 2056 2183 2117 certe
2227 2051 2535 2136 quosdam

206 2157 541 2246 scriptores
583 2178 752 2227 noua
795 2158 1073 2243 finxisse,
1120 2158 1289 2244 quod
1334 2158 1402 2225 in
1430 2158 1813 2227 Graecorum
1848 2165 1979 2227 tam
2007 2159 2293 2227 uersatili
2320 2158 2539 2245 lingua

202 2272 694 2335 consentaneum
728 2286 884 2335 esse
927 2263 1321 2351 arbitrantur,
1366 2265 1538 2334 idem
1569 2269 1649 2334 ab
1678 2267 1878 2334 latina
1906 2261 2362 2351 alienissimum
2395 2288 2537 2335 esse

203 2374 588 2442 contendunt
642 2396 718 2442 ac
770 2374 1037 2462 proinde
1091 2380 1155 2441 et
1207 2374 1601 2442 librariorum
1656 2375 2054 2442 oscitantiam
2101 2382 2163 2443 et
2207 2375 2540 2462 interpola-

200 2488 406 2549 torum
453 2482 710 2550 fraudes
757 2488 1108 2567 causantur,
1156 2481 1307 2566 quin
1353 2482 1545 2550 etiam
1590 2482 1931 2550 monachos
1968 2482 2283 2549 interdum
2326 2483 2537 2569 potius

161 2618 164 2622 ’
203 2609 394 2675 quam
438 2590 770 2657 Horatium
814 2589 993 2660 uerbi
1047 2588 1313 2657 alicuius
1373 2597 1661 2658 auctores
1708 2596 2008 2659 statuunt.
2101 2597 2317 2657 contra
2361 2611 2537 2676 quoS,

200 2697 457 2784 opinor,
513 2697 815 2765 uniuersa
867 2697 1311 2764 uocabulorum
1359 2717 1521 2783 quae
1577 2718 1725 2765 mox
1770 2697 2079 2766 exhibebo
2124 2719 2349 2766 manus
2396 2699 2539 2785 ipsa

200 2825 350 2872 sese
396 2803 736 2872 defendere
782 2826 900 2873 sua
943 2804 1343 2873 multitudine
1372 2805 1618 2892 poterit,
1662 2812 1732 2872 ut
1761 2806 2069 2893 adpareat
2098 2805 2303 2891 simul,
2349 2827 2537 2891 quam

200 2910 355 2978 falsi
400 2909 494 2975 illi
539 2911 681 2995 sint,
724 2912 835 2996 qui
881 2934 961 2981 ex
1007 2913 1140 2981 Solo
1187 2913 1619 3000 exemplorum
1657 2934 1917 2984 numero
1947 2913 2392 2980 uocabulorum
2436 2914 2540 2980 uel

200 3017 548 3085 dictionum
593 3019 964 3104 probitatem
1011 3020 1367 3108 aestimant,
1414 3022 1651 3107 quippe
1680 3022 1907 3106 quibus
1953 3026 2023 3086 ut
2068 3021 2192 3088 sibi
2237 3027 2539 3103 constent,

199 3124 516 3209 quidquid
571 3125 770 3192 semel
823 3133 1065 3195 tantum
1120 3128 1429 3215 reperitur
1490 3128 1671 3196 obelo
1740 3127 2229 3195 confodiendum
2285 3128 2386 3212 sit,
2475 3133 2541 3195 at

199 3231 376 3299 enim
431 3232 860 3319 exemplorum
904 3234 1156 3321 farrago
1164 3267 1183 3322 ,-
1241 3256 1434 3320 quam
1486 3255 1603 3303 nos
1661 3236 1791 3302 iam
1845 3235 2129 3303 conferre
2184 3255 2540 3320 possumus,

197 3330 624 3426 superstitum‘
680 3345 921 3407 tantum
989 3343 1364 3430 scriptorum
1419 3364 1605 3411 usum
1659 3349 1972 3431 praestat,
2038 3362 2165 3409 non
2232 3363 2376 3410 eum
2433 3343 2541 3426 qui

193 3466 356 3514 uere
400 3446 520 3515 fuit
561 3443 740 3534 (quot
783 3448 951 3515 enim
995 3457 1145 3533 quot
1189 3451 1564 3538 scriptorum
1615 3451 1760 3519 libri
1811 3445 2186 3538 perierunt);
2246 3452 2542 3535 quamob-

192 3574 335 3622 rem
350 3604 367 3638 ,
425 3553 574 3622 licet
627 3569 846 3623 uerum
904 3556 1013 3640 sit,
1067 3577 1255 3625 usum
1300 3565 1364 3624 et
1408 3558 1953 3641 consuetudinem,
2008 3576 2135 3622 non
2182 3558 2539 3643 analogiam

191 3661 504 3746 loquendi
555 3683 839 3731 normam
895 3664 1132 3750 facere,
1190 3683 1308 3732 nos
1365 3673 1532 3733 certe
1588 3666 1656 3731 in
1709 3672 1802 3733 tot
1857 3663 2231 3751 scriptorum
2282 3666 2540 3749 iactura,

191 3769 269 3837 in
325 3776 422 3837 tot
475 3770 750 3838 locorum
806 3769 1259 3858 deprauatione
1314 3773 1401 3841 ad
1455 3773 1800 3859 genuinum
1856 3792 2043 3839 usum
2100 3779 2164 3839 et
2219 3779 2542 3840 consuetu-

188 3877 422 3945 dinem
473 3880 1047 3963 recognoscendam
1104 3881 1684 3965 restituendamque
1751 3898 1967 3946 carere
2019 3900 2147 3946 non
2204 3899 2542 3965 possumus

187 3984 538 4070 analogiae
582 3987 816 4054 auxilio
829 4038 846 4072 ,
892 4008 1056 4072 quae
1102 4010 1243 4056 cum
1289 3989 1500 4075 ipsam
1542 3987 1877 4053 uerborum
1919 3993 2209 4052 naturam
2253 3985 2543 4069 introspi-

187 4092 360 4175 ciat,
405 4093 710 4177 numquid
746 4095 925 4180 quod
968 4097 1269 4165 traditum
1314 4103 1415 4163 est
1458 4093 1587 4161 dici
1629 4093 1903 4179 potuerit
1945 4112 2148 4161 necne
2191 4090 2540 4157 diiudicare

187 4205 415 4283 queat.

2082 4308 2113 4361 1
2529 4275 2635 4369 Α
