2638 4404
16 2253 17 2260 '
155 2270 311 2352 post
338 2264 719 2333 Pausanias
741 2262 1012 2352 (I,4,1)
1057 2269 1304 2335 scribit:
1351 2263 1670 2352 (Oceanus
1702 2265 1894 2355 Gall.)
1925 2275 2274 2356 παρέχεται
2300 2277 2509 2361 θηρία

1298 41 1385 109 25

350 219 827 307 Tauriformis.
875 241 929 287 c.
958 220 1104 305 ΠΗ,
1146 220 1247 304 14,
1278 220 1399 287 25:
1432 213 1556 288 ‘sic
1583 205 1987 290 'tauriformis
2030 222 2307 290 uoluitur
2347 222 2515 291 Aufi-

163 327 348 416 dus'3
396 347 707 415 graecum
760 328 1232 415 ταυρόμορφος.
1325 328 1406 396 de
1465 349 1591 413 qua
1635 351 1704 397 re
1749 329 1906 398 satis
1948 330 2154 399 habeo
2200 330 2285 398 ad
2330 331 2399 398 G.
2434 330 2512 401 Ο.

162 438 458 507 Muelleri
500 437 814 505 archaeol.
830 476 837 486 ·
856 436 1090 504 enchir.
1136 437 1177 516 ξ
1206 437 1340 503 403
1387 443 1450 504 et
1478 436 1908 505 Scheiffelium
1949 434 2046 523 (in
2076 439 2305 526 Paulyi
2334 440 2511 507 Real.
2623 428 2624 435 ἵ

163 547 210 613 i.
241 566 304 612 u.
323 538 831 629 ‘Tauriformis³)
872 545 1218 628 relegasse.
1285 544 1366 613 cf.
1412 545 1674 613 Festum
1725 546 1793 611 in
1822 542 2234 614 ‘Taurorum'
2301 567 2516 632 perso-

158 659 357 721 natus
405 652 674 720 Ouidius
719 674 821 739 ep.
858 653 972 736 16,
1011 650 1176 719 265:
1217 649 1551 727 ‘Acheloia
1607 649 1865 720 cornua'
1922 653 2101 720 dixit.
2169 654 2250 721 cf.
2279 656 2517 740 Vergil.

162 761 244 829 G.
274 760 426 845 1111,
455 761 604 825 371.
662 760 821 827 Aen.
852 760 1021 843 VIII,
1054 761 1094 824 7
1102 761 1138 825 ‘1
1145 809 1159 825 .
1209 759 1397 827 Ouid.
1427 761 1577 827 Met.
1606 760 1815 846 XIIII,
1849 761 1978 828 602
2023 768 2092 828 et
2130 762 2401 831 Martial.
2430 764 2516 849 X,

167 871 227 954 7,
268 869 339 935 6.
431 875 711 937 ceterum
761 866 924 934 haec
978 872 1310 953 praeterea
1367 875 1583 937 extant
1625 868 1945 937 adiectiua
1990 869 2057 936 in
2090 864 2367 939 ‘formis'
2410 892 2519 939 ex-

160 975 414 1045 euntia:
480 974 624 1059 bis„
691 974 818 1040 trif.
874 969 1131 1058 (quibus
1192 976 1494 1045 Horatius
1551 995 1802 1060 quoque
1857 972 2111 1062 utitur),
2163 978 2324 1064 defi,
2379 978 2519 1064 infi,

163 1082 411 1169 multis„
457 1081 685 1166 semis„
729 1083 967 1167 transf„
997 1082 1185 1168 unif.;
1231 1083 1650 1168 posteriorum
1681 1090 1831 1152 sunt
1860 1085 2283 1153 saeculorum:
2328 1086 2515 1172 conf„

163 1190 403 1275 mines„
450 1186 751 1273 (quadris.
781 1196 909 1256 not.
940 1186 1201 1275 Tiron.),
1247 1190 1462 1275 septif.
1558 1183 1576 1197 ⁰
2389 1282 2394 1287 Ι

342 1297 841 1365 Denominatiua
905 1298 1229 1367 adiectiua
1298 1298 1463 1367 haec
1527 1298 1701 1385 apud
1770 1299 1974 1366 solum
2032 1299 2365 1369 Horatium
2427 1303 2513 1370 le-

160 1411 426 1493 guntur:
1969 1432 1974 1441 ⁴
2623 1464 2624 1487 ἶ

350 1509 706 1579 Balaam.
771 1531 825 1578 c.
854 1513 1010 1598 1111,
1045 1513 1158 1599 14,
1193 1514 1314 1580 47·
1350 1506 1677 1595 ‘beluosus
1731 1514 1843 1598 qui
1896 1515 2158 1583 remotis
2207 1517 2514 1603 obstrepit
2623 1524 2624 1589 3

160 1620 458 1689 Oceanus
476 1616 846 1686 Britannis?
913 1620 956 1685 i.
987 1641 1043 1687 e.
1072 1621 1276 1688 beluis
1307 1621 1659 1689 abundans.
1727 1621 1954 1689 eodem
1995 1624 2191 1691 uerbo
2228 1644 2383 1693 usus
2413 1632 2513 1694 est

156 1729 447 1796 Auienus
493 1748 585 1794 or.
628 1726 834 1792 marit.
874 1727 1028 1795 204.
1096 1729 1191 1795 sic
1234 1728 1535 1796 Horatius
1583 1750 1635 1795 c.
1666 1730 1763 1795 111
1771 1780 1789 1816 ,
1834 1730 1937 1814 27,
1972 1730 2058 1798 26
2105 1731 2171 1797 in
2214 1731 2511 1820 Europae

158 1837 381 1905 fabula
424 1835 588 1901 dixit
620 1827 1000 1901 ‘scatentem
1056 1836 1261 1903 beluis
1312 1833 1614 1923 pontum?
1702 1837 2160 1924 Peerlkampus
2204 1860 2347 1906 cum
2392 1842 2511 1909 Ro-

158 1964 391 2011 manos
432 1943 524 2009 ait
564 1941 794 2008 meiius
849 1943 1108 2011 nouisse
1154 1943 1505 2029 Oceanum,
1565 1964 1759 2028 quam
1814 1952 1884 2013 ut
1935 1953 2220 2034 tempore
2262 1949 2511 2016 Horatii

168 2050 367 2116 etiam
408 2049 801 2134 adpellarent
840 2051 1190 2137 beluosum,
1237 2053 1519 2137 argutari
1563 2053 1720 2119 mihi
1749 2053 2019 2122 uidetur.
2085 2074 2293 2139 neque
2338 2057 2508 2126 enim

163 2162 318 2224 tunc
361 2155 534 2224 illam
569 2155 809 2225 Oceani
852 2166 1119 2244 partem
1139 2161 1338 2246 probe
1381 2166 1691 2229 nouerant
1733 2168 1799 2229 et
1838 2161 1983 2248 plus
2029 2169 2280 2232 centum
2323 2165 2508 2234 annis

156 2368 356 2440 οὖδὲν
401 2373 655 2440 ἐοικότα
700 2381 834 2449 τοῖς
876 2371 950 2440 ἐν
990 2371 1299 2470 θαλάσση
1326 2378 1400 2469 τῇ
1440 2376 1649 2470 λοιπῇ,
1697 2392 1885 2500 quem
1926 2380 1970 2446 l.
2001 2378 2273 2449 Orellius
2312 2381 2509 2469 adpo-

154 2480 285 2548 site
331 2500 475 2545 cum
517 2482 663 2548 aliis
709 2480 957 2548 adtulit.

340 2586 664 2655 lambens.
723 2611 782 2656 a.
812 2610 877 2675 p.
909 2587 1072 2655 253.
1114 2587 1395 2686 ‘syllaba
1447 2592 1642 2677 longa
1694 2594 1874 2660 breui
1919 2594 2204 2663 subiecta
2247 2603 2508 2664 uocatur

152 2696 428 2779 iambus,
477 2715 595 2781 pes
629 2696 808 2782 citus,
853 2696 1024 2764 unde
1070 2697 1264 2765 etiam
1299 2699 1598 2766 trimetris
1644 2719 2004 2769 accrescere
2047 2702 2235 2770 iussit
2276 2724 2506 2772 nomen

152 2796 462 2870 iambeis'
506 2810 571 2871 et
610 2823 670 2887 q.
701 2824 752 2872 s.
821 2810 920 2871 est
962 2825 1261 2889 graecum
1307 2808 1613 2892 ῐαμβετος,
1659 2828 1851 2892 quam
1897 2810 2164 2877 formam
2206 2813 2507 2897 praetulit

152 2910 249 2977 illi
280 2899 648 2977 ‘iambicus'
692 2907 883 2995 (quae
923 2919 1139 2980 tamen
1183 2936 1353 2982 nunc
1395 2917 1568 3002 apud
1614 2917 1783 2984 solos
1825 2919 2271 3002 grammaticos
2299 2927 2505 3007 poste-

151 3018 393 3085 riorum
450 3019 839 3086 saecutorum
886 3019 1258 3108 inuenitur),
1316 3024 1469 3107 quia
1512 3017 1879 3092 ‘iambicus'
1934 3025 2061 3091 nisi
2114 3029 2503 3096 nominatiuo

153 3145 313 3196 casu
358 3126 689 3194 commode
733 3148 859 3195 non
900 3136 1150 3216 poterat
1178 3152 1369 3199 uersu
1400 3132 1630 3198 dicere«.
1701 3139 2034 3218 praeterea
2069 3134 2355 3203 eiusdem
2385 3144 2505 3204 ter·
2623 3149 2624 3180 ³

130 3234 522 3302 'minationis
568 3253 838 3320 graecae
883 3238 1203 3307 adiectiua
1245 3239 1445 3307 haece
1484 3239 1788 3308 Horatius
1831 3240 2066 3309 habere
2113 3244 2306 3311 solus·
2328 3244 2502 3313 uide-
2623 3275 2624 3334 ς

149 3349 286 3410 tur:
343 3340 642 3410 Bioneus
699 3363 799 3428 ep.
829 3344 920 3428 H,
963 3348 1034 3431 2,
1076 3348 1167 3414 60
1224 3343 1565 3426 Βιώνειοςς
1635 3345 2054 3416 Centaureus
2111 3370 2164 3415 c.
2197 3351 2255 3435 I,
2301 3352 2412 3438 18,
2460 3354 2500 3419 8
2623 3355 2624 3424 J

150 3450 600 3536 Κενταύρειοςς
645 3448 1045 3519 Daedaleus
1089 3474 1141 3520 c.
1171 3454 1253 3539 H,
1287 3455 1392 3539 20,
1427 3456 1510 3520 13
1556 3462 1619 3522 et
1652 3476 1705 3522 c.
1735 3457 1880 3542 1111,
1912 3457 1971 3541 2,
2006 3458 2046 3522 2
2091 3457 2501 3537 Δαιδάλειος.
2623 3451 2624 3478 ³

154 3554 550 3641 (Daedalius
593 3559 779 3646 Prop.
810 3560 906 3625 111
917 3609 935 3645 ,
972 3561 1082 3645 14,
1119 3562 1179 3627 8.
1245 3561 1634 3630 Daedalicus
1666 3562 1932 3632 Venant.
1961 3565 2060 3649 10,
2099 3566 2200 3652 11,
2241 3563 2370 3653 17.)
2411 3605 2500 3615 --
2623 3617 2624 3622 ι

157 3661 456 3732 Niobeus
504 3686 556 3733 c.
586 3667 730 3753 1111,
761 3669 820 3753 6,
859 3669 914 3733 1.
2623 3735 2624 3738 ,

332 3772 727 3841 Homer-eus.
774 3797 833 3843 a.
864 3796 928 3861 p.
975 3775 1131 3841 120:
1167 3769 1464 3863 ‘scriptor
1506 3778 1887 3845 Homereum
1934 3778 1991 3844 si
2037 3778 2196 3848 forte
2241 3783 2498 3867 reponis
2623 3775 2624 3778 ’

146 3878 502 3949 Achillem?
554 3918 635 3930 -—
699 3889 797 3951 est
850 3883 1015 3951 haec
1067 3885 1433 3953 necessaria
1488 3886 1759 3953 Bentleii
1815 3887 2173 3955 emendatio
2238 3909 2355 3974 pro
2421 3910 2496 3959 eo

147 3987 323 4072 quod
368 3988 670 4057 traditum
715 3997 814 4059 est
846 3984 1284 4061 ‘honoratum'
1342 4014 1421 4061 ac
1449 3994 1721 4080 primum
1753 3993 2012 4076 quidem
2055 3994 2494 4064 formationem
2623 4025 2624 4082 j

131 4092 547 4164 ‘Homereas'
591 4105 759 4165 recte
803 4098 1038 4168 habere
1085 4101 1543 4170 demonstrauit
1575 4100 1920 4169 Bentleius.
1951 4177 1956 4182 ,
1987 4102 2284 4188 praetulit
2313 4103 2494 4170 alteri

132 4195 544 4273 ‘Homericus
552 4201 592 4292 ³,
638 4226 802 4290 quae
847 4227 1042 4295 saepe
1088 4212 1282 4279 etiam
1328 4229 1496 4275 nunc
1528 4207 1775 4295 legitur,
1821 4210 1972 4292 quia
2016 4209 2142 4276 nisi
2186 4209 2254 4273 in
2291 4207 2625 4365 nomi-A
