2638 4404
1302 40 1389 105 21

169 220 414 291 deinde
470 220 666 288 etiam
722 217 806 285 de
860 217 1037 285 aliis:
1092 215 1229 284 Cic..
1266 237 1382 303 pro
1425 216 1662 284 Archia
1706 218 1748 284 8
1795 218 1835 297 ἓ
1869 219 1986 286 18:
2021 213 2350 303 .‘quotiens
2399 240 2522 304 ego

168 331 344 399 hunc
374 327 676 396 Archiam
707 325 845 392 uidi
874 375 890 391 .
905 375 920 391 .
936 375 952 391 .
982 345 1283 411 maguum
1327 345 1658 392 numerum
1689 326 2070 412 optimorum
2101 346 2448 394 uersuum.

170 438 389 505 dicere
445 457 526 502 ex
584 441 886 519 tempore.
991 434 1282 517 quotiens
1340 438 1703 499 reuocatum
1770 432 2042 500 eandem
2106 455 2242 502 rem
2305 434 2522 502 dicere

170 544 556 613 conmutatis
623 540 839 608 uerbis
902 547 1095 624 atque
1152 532 1523 607 sententiis?
1575 576 1662 591 ·--
1719 540 1961 607 Plinius
2016 560 2117 628 ep.
2161 542 2235 626 3,
2279 542 2353 625 5,
2404 543 2521 608 12:

164 648 482 719 “memini
537 647 881 733 quendam
910 668 994 714 ex
1050 647 1303 731 amicis,
1362 667 1506 714 cum
1559 648 1757 715 lector
1813 647 2131 732 quaedam
2184 669 2524 736 perperam

165 758 677 846 pronuntiasset,
736 773 1101 839 reuocasse,
1171 760 1236 821 et
1291 753 1497 841 repeti
1553 754 1872 856 coegisse.
1938 755 2087 823 huic
2139 757 2525 824 auunculum

170 886 387 933 meum
431 864 678 931 dixisse
710 858 1138 929 ‘intellexeras
1168 857 1465 948 nempe?'
1512 880 1656 930 cum
1687 861 1795 930 ille
1823 859 2225 948 adnuisset,‘
2230 884 2343 931 cur
2370 884 2528 948 ergo.

172 968 636 1041 reuocabas²‘?''
682 1007 771 1019 -·-
815 970 988 1038 idem
1032 989 1170 1036 uoc.
1215 968 1393 1056 apud
1436 967 1737 1035 Ouidium
1784 965 1960 1055 (met.
1988 971 2116 1056 XI,
2146 968 2308 1055 401)
2353 971 2526 1056 16564

175 1082 358 1148 batur
399 1080 467 1145 in
508 1078 632 1145 hoc
674 1098 866 1145 uersu
907 1075 1052 1145 ‘sed
1109 1076 1277 1143 euim
1336 1077 1737 1144 inreuocatus
1782 1079 1863 1144 ab
1910 1079 2042 1145 acri
2087 1079 2287 1147 caede
2328 1079 2524 1165 lupus

167 1184 454 1274 perstat?
521 1185 637 1253 sed
668 1206 812 1252 cum
842 1186 898 1251 is
930 1183 1149 1269 codex,
1196 1184 1378 1251 cuius
1407 1184 1691 1252 maxima
1717 1185 2062 1253 auctoritas
2090 1192 2208 1270 est,
2251 1185 2517 1253 habeat:

165 1291 310 1363 ‘sed
361 1294 532 1361 enim
575 1299 907 1362 reuocatus
962 1293 1028 1358 in
1074 1287 1281 1375 acris',
1338 1298 1507 1358 recte
1550 1292 1896 1360 Merkelius
1951 1292 2046 1360 sic
2089 1292 2346 1379 scripsit
2389 1313 2522 1361 cor·-

164 1410 343 1471 recto
400 1401 732 1467 dumtaxat
784 1400 1135 1487 scripturae
1187 1394 1476 1468 mendo‘
1480 1392 1691 1484 acris',
1747 1421 1868 1468 nec
1918 1400 1990 1468 id
2043 1400 2182 1467 Nic.
2210 1400 2519 1468 Heinsius

165 1509 635 1596 inprobauerat.

348 1608 1399 1701 lnmptus.o.1,13‚18:‘quos
1443 1614 1698 1701 inrupta
1740 1620 1914 1682 tenet
1957 1613 2242 1702 copula,
2286 1600 2518 1700 graece

163 1721 505 1811 ἄρρηκτος.
593 1722 833 1789 Statius
888 1722 1044 1789 Silu.
1084 1722 1158 1805 V,
1209 1722 1278 1805 1,
1325 1721 1446 1787 44.
1494 1716 1639 1789 ‘nec
1692 1721 1949 1807 mirum,
2007 1723 2066 1789 si
2123 1743 2241 1790 uos
2283 1724 2516 1791 collato

162 1839 421 1919 pectore
465 1830 700 1897 mixtos
743 1829 948 1896 iunxit
988 1828 1364 1915 inabrupta
1409 1827 1749 1897 concordia
1791 1830 1985 1914 longa
2029 1827 2287 1899 catena?
2367 1829 2515 1897 Oui-

161 1940 317 2006 dius
371 1959 470 2023 ep.
500 1959 584 2005 ex
628 1937 827 2004 Ponto
871 1936 932 2021 I,
979 1937 1051 2021 2,
1097 1930 1254 2004 20‘
1258 1957 1448 2005 arcus
1492 1973 1582 1984 -
1624 1936 1905 2004 naucula
1960 1957 2214 2024 semper
2268 1936 2512 2006 habens

167 2044 553 2112 inresoluta
592 2041 839 2113 manet?

349 2150 1065 2237 Intaminatus.c.111‚
1098 2151 1306 2236 2,18.
1342 2144 1570 2219 ‘uirtus
1608 2186 1699 2199 -
1740 2150 2136 2220 intaminatis
2167 2150 2368 2238 fulget
2405 2151 2516 2220 hoe

157 2256 458 2327 notibus?
501 2261 543 2327 i.
572 2282 630 2328 e.
676 2281 807 2327 non
850 2259 1312 2327 contaminatis.
1358 2295 1447 2308 --
1490 2258 1809 2347 Sulpicius
1854 2259 2129 2329 Seuerus
2156 2260 2241 2344 Π,
2277 2257 2413 2326 21ζ
2422 2260 2514 2326 in

154 2366 537 2436 taminatus'
582 2368 802 2452 habet,
861 2367 920 2434 si
975 2366 1139 2435 fides
1183 2367 1569 2435 editionibus
1626 2373 1899 2451 constat,
1954 2374 2024 2435 ut
2067 2366 2283 2435 docuit
2324 2367 2513 2435 Bent-

154 2475 342 2543 leius.
409 2475 629 2560 Varro,
658 2475 880 2542 Liuius
910 2470 1185 2559 aliique‘
1191 2471 1755 2543 incontaminatus’
1783 2482 2183 2561 usurparunt,
2213 2476 2510 2559 idemque

157 2584 231 2649 in
272 2582 551 2666 Vulgata
592 2582 923 2668 Interpret.
970 2588 1174 2662 extat,
1233 2602 1430 2666 quare
1485 2582 1790 2652 credibile
1844 2590 1943 2651 est
1997 2582 2119 2650 hoc
2173 2588 2244 2649 ut
2290 2588 2508 2650 notum

155 2693 426 2758 uerbum
472 2711 515 2757 a
543 2688 816 2758 librariis
845 2711 963 2776 pro
991 2689 1225 2774 ignoto,
1249 2684 1829 2757 illo‘intaminatis'
1858 2689 2303 2776 interpolatum
2331 2706 2511 2773 esseg

155 2797 496 2867 exhibetur
554 2796 725 2863 enim
778 2818 820 2865 a
875 2796 1257 2882 quibusdam
1314 2795 1499 2864 codd.
1543 2817 1672 2865 non
1713 2797 1995 2883 optimae
2035 2802 2246 2864 notae.
2321 2792 2507 2864 ‘inta-

152 2900 450 2971 minatis’
502 2922 657 2971 uero
718 2924 859 2972 cum
913 2913 978 2974 et
1031 2905 1271 2972 maiore
1330 2904 1515 2971 codd.
1559 2905 1934 2973 auctoritate
1976 2904 2240 2989 nitatur,
2293 2910 2384 2989 et,
2437 2910 2507 2970 ut

151 3012 487 3080 Bentleius
518 3011 988 3095 demonstrauit,
1032 3018 1202 3081 recte
1236 3011 1575 3079 formatum
1606 3013 1709 3096 sit,
1751 3014 1832 3080 ab
1863 3012 2126 3080 Horatio
2152 3012 2505 3096 profectum

151 3139 306 3188 esse
349 3126 522 3206 puto.
613 3117 935 3188 Bentleius
993 3120 1200 3205 magis
1244 3119 1335 3188 ad
1364 3112 1951 3188 ‘incontaminatus'
1994 3119 2281 3202 inclinat,
2338 3118 2504 3202 ideo,

150 3233 230 3295 nt
273 3227 540 3312 uidetur,
586 3224 760 3309 quod
786 3228 1181 3311 conpositum
1213 3221 1677 3296 ‘intaminatus’
1722 3227 2046 3296 diuersam
2075 3227 2267 3314 plane
2311 3226 2505 3312 signi·

148 3335 517 3403 ficationem
561 3333 840 3414 haberet,
886 3338 957 3400 ut
999 3334 1084 3401 sit
1123 3339 1461 3418 μιανθείς,
1509 3354 1632 3418 quo
1680 3333 1901 3421 Gyrilli
1942 3335 2161 3420 glossa
2202 3334 2503 3421 interpre-

149 3449 360 3525 tatur,
418 3442 499 3508 ab
555 3441 748 3510 uerbo
784 3433 1223 3509 ‘intaminare'
1314 3442 1431 3509 sed
1487 3441 1648 3509 haec
1704 3443 1962 3527 quidem
2018 3441 2286 3512 offensio
2345 3442 2500 3509 mihi

152 3569 287 3616 non
354 3548 513 3615 tanti
578 3547 876 3616 habenda
943 3566 1087 3615 esse
1152 3547 1421 3616 uidetur.
1521 3569 1672 3616 nam
1727 3551 1925 3620 multa
1982 3549 2291 3617 uocabula
2358 3569 2500 3616 cum

161 3649 286 3719 ‘in'
340 3655 652 3742 particula
706 3653 1036 3741 conposita
1101 3653 1168 3723 in
1233 3661 1564 3739 utramque
1627 3657 1948 3724 notionem
2017 3657 2499 3741 usurpabantur,

159 3782 245 3830 ea
287 3768 514 3848 tamen,
557 3771 628 3831 ut
672 3770 1164 3834 consentaneum
1209 3769 1325 3847 est,
1371 3763 1662 3831 cautione
1706 3762 2011 3845 adhibita,
2056 3784 2138 3831 ne
2181 3763 2250 3829 in
2292 3768 2497 3830 utram

151 3874 405 3958 partem
448 3871 874 3957 intellegenda
918 3878 1151 3956 essent,
1196 3871 1457 3938 dubium
1489 3892 1634 3940 esse
1677 3878 1914 3959 posset.
1980 3871 2224 3942 subieci
2265 3869 2498 3954 omnia,

153 3998 322 4063 quae
388 3998 555 4046 nunc
621 3987 862 4065 extant,
937 3979 1033 4048 eis
1099 3999 1264 4064 quae
1332 3979 1648 4047 inferioris
1720 3979 1868 4048 aeni
1941 3986 2089 4047 sunt
2160 3977 2341 4046 uncis
2409 3977 2499 4044 in-

152 4086 375 4153 clusis:
433 4085 872 4173 inlaqueatus
884 4134 910 4167 ,
960 4081 1349 4173 (inmixtus),
1394 4088 1737 4156 inmutatus
1793 4093 1858 4156 et
1900 4085 2322 4168 inmutabilis,
2378 4084 2496 4170 (in-

150 4190 538 4279 mutilatus),
604 4193 1019 4280 inpugnatus,
1080 4197 1438 4283 imputatus
1452 4242 1480 4276 ,
1536 4193 1794 4280 incitus,
1860 4193 2139 4277 inclinis,
2194 4192 2491 4274 incoctus,

2517 4313 2605 4365 A
