2638 4404
1266 50 1350 116 16

134 243 358 350 parem
402 244 565 296 esse.
609 263 699 274 --
742 225 969 296 eodem
1014 230 1209 297 uerbo
1235 230 1537 299 Horatius
1582 251 1634 299 e.
1662 231 1807 318 1111,
1837 233 1900 318 9,
1929 233 2014 301 26
2058 233 2323 321 passiua
2364 254 2470 305 no-

138 333 310 402 tione
362 355 517 403 usus
583 341 709 403 est:
762 329 1008 405 ⁶uixere
1076 329 1269 405 fort'es
1336 344 1486 406 ante
1541 337 2018 424 Agamemnona
2080 341 2291 409 multi.
2355 341 2471 409 sed

138 456 357 511 omnes
388 442 877 513 inlacrimabiles
905 451 1248 530 urguentur
1276 444 1601 530 ignotique
1630 447 1821 533 longa
1847 454 2048 533 noete,
2078 455 2296 517 earent
2319 448 2474 532 quia

135 554 286 617 uate
341 542 551 618 saero'
550 600 568 635 ‚
637 551 679 618 i.
718 572 775 620 e.
831 551 941 635 qui
994 572 1119 619 non
1176 552 1580 623 lacrimantur
1642 574 1761 622 nee
1799 561 2083 645 *possunt
2137 555 2473 625 laerimari.

136 656 452 742 Vergilius
507 656 699 727 habet
738 654 1066 743 ⁶infletuu’,
1123 658 1392 727 Ouidius
1434 655 1829 731 ‘indefletus'
1883 668 1958 733 et⁴
1989 657 2471 751 ‘indeploratus'

138 760 321 849 (Aen.
351 765 464 850 xl,
496 765 662 851 3723
707 765 855 835 Met.
886 766 1022 851 vn,
1054 767 1217 851 6113
1263 767 1455 835 Trist.
1486 768 1599 852 111,
1631 769 1694 854 3,
1720 765 1856 855 46).
1903 754 1911 765 ‘

318 871 822 941 Inmemoratus.
880 894 980 961 ep.
1022 875 1084 958 Ι,
1133 875 1245 959 19,
1290 875 1410 940 33:
1455 869 1660 943 ⁶iuuat
1702 875 2113 947 inmemorata
2165 876 2475 947 ferentem

137 971 433 1064 ingenuis'
452 968 456 973 ’
475 981 796 1065 oculisque
838 981 968 1066 legi
1009 980 1427 1066 manibusque
1460 979 1704 1068 teneri'‚
1749 983 1791 1050 i.
1822 1004 1877 1053 e.
1905 1005 2091 1070 noua,
2134 1005 2262 1053 non
2290 986 2473 1072 prius

138 1086 340 1170 dieta3
396 1087 491 1156 sie
533 1082 969 1156 ‘memoratus'
1018 1110 1121 1175 ep⁴
1151 1089 1244 1173 11,
1288 1089 1360 1174 2,
1408 1090 1567 1155 117:
1608 1088 1945 1163 ‘uocabula
1999 1112 2237 1177 rerum,
2305 1113 2478 1177 quae

135 1194 364 1282 priscis
392 1214 578 1262 mem.
610 1194 953 1264 Catonibus
984 1203 1177 1280 atque
1205 1194 1544 1283 cethegis?
1571 1234 1659 1245 —
1694 1198 1864 1266 idem
1892 1200 2268 1268 uocabulum
2296 1201 2475 1286 apud

135 1302 484 1371 Ausonium
528 1309 771 1388 parent.
818 1304 905 1370 20
949 1310 1151 1372 extat:
1187 1299 1332 1371 ⁶nee
1376 1310 1446 1371 tu
1489 1305 1618 1371 iam
1663 1306 1879 1373 metris
1927 1355 1943 1373 .
1969 1356 1984 1373 .
2010 1357 2025 1372 .
2071 1308 2232 1376 meis
2278 1308 2474 1376 inme'-

135 1416 414 1477 moratus
470 1407 629 1478 eris?
672 1447 762 1458 —
794 1404 1300 1496 ‘inmemoratio'‚
1349 1411 1389 1477 i.
1420 1433 1475 1479 e.
1521 1405 1752 1480 obliuie
1765 1462 1783 1497 ,
1839 1413 1906 1481 in
1950 1414 2224 1500 Vulgata
2278 1415 2477 1484 Inter-

135 1525 294 1605 pret.
322 1518 605 1605 Sapient.
655 1519 766 1603 14,
811 1518 897 1585 26
945 1525 1060 1586 est.
1139 1514 1680 1595 ‘inmemorabilis’
1725 1520 1985 1589 Plautus
2032 1528 2096 1591 et
2138 1522 2472 1593 Lueretius

135 1623 386 1710 habent,
419 1620 895 1693 ⁶memorabilis?
941 1625 1139 1693 multi.

314 1732 790 1801 Inmersabilis
839 1754 941 1820 ep.
970 1734 1020 1819 Ι,
1050 1735 1113 1818 2,
1144 1733 1230 1801 22
1276 1734 1359 1801 de
1386 1733 1600 1803 Vlixe.
1634 1729 1951 1803 ⁶aduersis
1993 1756 2201 1804 rerum
2246 1737 2470 1807 inmer-

107 1836 358 1909 ‘sabilis
399 1838 620 1908 undis’
664 1840 706 1908 i.
738 1861 792 1908 e.
824 1841 934 1925 qui
977 1842 1197 1926 mergi,
1241 1840 1517 1928 opprimi
1545 1840 1834 1911 aduersis
1870 1844 2058 1913 rebus
2086 1863 2212 1913 non
2240 1851 2467 1928 potest,

134 1948 369 2019 usitata
410 1948 707 2033 imagine.
796 1947 1025 2016 Liuius
1061 1948 1272 2034 VIBI,
1324 1949 1437 2015 18.
1479 1942 1573 2015 ⁶et
1613 1948 1925 2033 loquimur
1979 1950 2061 2017 de
2104 1948 2488 2019 Alexandro*

134 2055 415 2125 nondum
455 2076 665 2125 merso
708 2056 1007 2127 secundis
1050 2053 1294 2142 rebus'3
1341 2056 1527 2141 Verg.
1557 2055 1634 2122 A.
1663 2057 1769 2143 VI,
1804 2057 1966 2123 512:
1998 2052 2144 2125 ⁶sed
2187 2074 2291 2124 me
2334 2055 2471 2133 fata

137 2183 281 2233 mea
324 2170 389 2234 et
432 2164 637 2236 seelus
682 2163 940 2234 exitiale
984 2164 1316 2236 Lacaenae
1361 2163 1463 2233 his
1493 2181 1769 2234 mersere
1799 2162 2039 2250 malis'3
2085 2170 2149 2234 et
2181 2162 2472 2254 similiter

136 2266 455 2342 ‘mertare'
500 2271 672 2358 apud
716 2272 1074 2340 Lucretium
1121 2270 1219 2358 (V,
1256 2268 1475 2357 1008).
1520 2307 1609 2319 --
1652 2272 1963 2341 Pindarus
2009 2271 2233 2338 eodem
2279 2245 2470 2338 mode

136 2380 316 2447 dicit.
362 2379 543 2467 Pyth.
576 2381 644 2465 2,
691 2381 777 2447 80
823 2375 1010 2465 (146)
1066 2379 1179 2448 ἅτε
1231 2376 1359 2464 γὰρ
1404 2378 1687 2445 εἰνάλιον
1741 2379 1943 2444 πόνον
1986 2377 2237 2459 ἐχοίσας
2280 2379 2469 2461 βαθύ

139 2490 361 2567 σκευᾶς
406 2479 640 2573 ἑτέρας,
686 2480 987 2572 αβαπτι
1002 2488 1173 2563 στάς
1219 2489 1364 2572 εἰμι,
1410 2482 1649 2579 φελλὸς
1679 2486 1767 2564 ὣς
1798 2483 1960 2570 ὑπὲρ
1989 2487 2189 2570 ἕρκος,
2237 2484 2470 2569 ἅλμας.

312 2595 703 2664 Inmetatus.
766 2590 1557 2680 0.111,24‚12:‘,Getae
1610 2593 1913 2660 inmetata
1958 2592 2186 2676 quibus
2245 2592 2471 2676 iugera

135 2702 367 2772 liberas
412 2702 627 2788 fruges
674 2709 742 2778 et
775 2702 1067 2770 Cererem
1112 2700 1355 2772 ferunt?
1410 2701 1714 2769 Getarum
1757 2706 1926 2766 terra
1965 2720 2092 2766 non
2134 2699 2200 2765 in
2241 2699 2470 2783 iugera

137 2809 464 2895 distincta,
512 2809 631 2878 sed
673 2810 962 2878 omnibus
1009 2810 1357 2878 eommunis
1401 2815 1553 2894 erat,
1600 2827 1742 2875 eum
1786 2812 2010 2874 eontra
2046 2806 2312 2876 Romani
2356 2825 2469 2891 po—

135 2918 435 2986 tentiores
503 2917 696 2986 etiam
739 2913 1086 3003 ⁶publieum
1140 2914 1222 3002 (i.
1265 2939 1321 2987 e.
1378 2910 1744 2999 commune)
1802 2911 1999 2998 mare'
2042 2914 2128 2984 ad
2182 2914 2468 3001 priuatas

136 3026 575 3113 possessiones
629 3032 940 3112 raperent.
987 3062 1073 3073 -——-
1118 3032 1394 3104 ceterum
1444 3024 1712 3094 eandem
1758 3022 2133 3090 sententiam
2178 3020 2468 3092 inuenies

137 3133 312 3219 apud
353 3153 572 3200 omnes
600 3140 824 3219 poetas
852 3133 1100 3219 latinos,
1146 3133 1256 3216 qui
1284 3152 1543 3200 auream
1573 3136 1846 3198 aetatem
1878 3129 2239 3199 describunt
2267 3123 2470 3212 (uelut
2569 3221 2572 3226 .
2601 3193 2602 3210 1

135 3241 369 3326 Vergil.
400 3240 516 3307 Ge.
540 3241 588 3325 Ι,
618 3241 773 3325 126;
804 3241 943 3308 Tib.
967 3242 1017 3325 Ι,
1042 3242 1102 3326 3,
1126 3241 1243 3326 443
1285 3238 1472 3307 Ouid.
1502 3238 1641 3306 Am.
1664 3238 1776 3326 111,
1802 3237 2001 3338 8,.42ς
2040 3237 2187 3305 Met.
2209 3236 2260 3320 I,
2289 3231 2466 3321 135).

313 3346 822 3418 Inmiserabilis.
879 3369 931 3414 e.
954 3347 1066 3432 111,
1097 3346 1158 3431 5,
1187 3347 1287 3431 17,
1332 3346 1442 3414 ubi
1484 3345 1629 3413 libri
1671 3345 1931 3413 habent:
1965 3340 2049 3412 ⁶si
2075 3363 2201 3410 non
2232 3343 2472 3428 periret
2601 3353 2602 3368 ¹

139 3455 582 3524 inmiserabilis
629 3454 884 3541 eaptiua
926 3447 1164 3543 pubes?
1216 3453 1258 3522 i.
1289 3474 1345 3521 e.
1387 3473 1552 3537 quae
1596 3452 1858 3538 indigna
1900 3449 2305 3519 miseratione
2349 3456 2466 3517 est.

94 3600 99 3605 ·
138 3560 405 3632 Ouidius
448 3563 514 3630 in
559 3561 740 3630 Ibide
785 3557 1062 3647 (u.'115)
1107 3560 1269 3628 dixit
1299 3554 1440 3630 ‘sis
1466 3562 1659 3632 miser
1705 3578 1954 3644 semper
1992 3577 2116 3625 nee
2149 3557 2248 3625 sis
2281 3556 2467 3624 mise-

35 4303 119 4376 k

137 3670 355 3737 rabilis
410 3664 558 3737 ulli?
593 3706 681 3720 --
726 3670 808 3738 ad
865 3676 1129 3738 metrum
1176 3668 1658 3768 sustentandum
1691 3668 1818 3735 -alii
1860 3665 1984 3734 alio
2031 3665 2466 3750 conplemento

139 3778 241 3846 usi
285 3783 448 3845 sunt.
511 3798 588 3844 ae
614 3778 902 3846 Paldami
933 3778 1188 3861 quidem
1217 3798 1339 3845 nae
1368 3776 1746 3846 miserabilis
1778 3781 1877 3843 est
1906 3772 2281 3841 eonieetura.
2349 3771 2466 3840 sed

140 3891 249 3951 aut
305 3905 447 3951 eum
492 3884 806 3954 Glareano
853 3893 916 3954 et
958 3885 1242 3954 Bentleio
1288 3884 1688 3953 seribendum
1733 3889 1858 3952 est:
1891 3879 1977 3949 ‘si
2019 3901 2147 3947 non
2190 3879 2467 3967 perirent

139 3989 623 4061 inmiserabiles'
666 4000 776 4060 aut
817 4014 961 4063 eum
1003 3994 1441 4063 Laehmanno:
1474 3987 1558 4059 ‘si
1599 4012 1728 4059 non
1770 3985 2043 4077 perires?
2112 3987 2200 4074 (u.
2227 4003 2461 4060 mmm.

139 4097 192 4162 L
237 4118 321 4165 er.
412 4149 428 4166 .
464 4101 564 4166 17.

193 4118 236 4170 u
319 4096 803 4276 lgmadglatus.
847 4230 908 4276 a.
934 4229 998 4294 p.
1024 4209 1185 4276 263:
1217 4202 1370 4275 ⁶non
1414 4206 1624 4292 quiuis
1668 4204 1847 4276 uidet
1889 4202 2281 4274 inmodulata
2318 4220 2462 4287 pee—
