2638 4404
1228 48 1317 115 42

284 226 462 293 Haeo
515 225 829 312 reputanti
885 225 1042 294 mihi
1098 248 1225 294 non
1277 225 1689 314 inprobabilis
1733 227 1816 296 de
1861 227 2083 296 Seauri
2125 250 2459 301 sommen—

108 332 285 400 tariis
340 332 554 420 opinio
610 353 754 401 sese
808 335 1034 422 optulit
1086 335 1312 403 haeoe:
1370 334 1673 402 Scaurum
1727 336 1795 402 in
1845 336 2095 404 Horatii
2134 349 2453 426 poemata.

106 441 317 508 omnia
357 440 449 509 ita
493 448 978 509 commentatum
1023 461 1185 528 esse,
1227 449 1298 510 ut
1341 442 1608 528 singulis
1652 443 1902 510 Horatii
1939 444 2117 513 libris
2146 446 2448 532 singulos

104 549 533 616 commentarii
585 549 778 616 libros
832 550 1149 618 tribueret.
1222 550 1455 618 etenim
1513 551 1572 618 si
1625 549 1753 647 duo
1808 570 2167 620 sermonum
2215 554 2448 644 libros,

103 654 485 741 singularem
530 656 797 742 epodon,
842 663 1133 741 quattuor
1177 657 1541 742 carminum,
1587 658 1714 725 duo
1761 648 2170 743 epistularum
2210 668 2277 728 et
2308 663 2446 731 sin-

100 760 381 848 gularem
438 763 521 831 de
577 769 712 831 arte
756 765 1006 850 poetioa
1048 765 1519 852 conputaueris,
1575 764 1795 832 deeem
1839 769 2442 839 eommentariorum

99 871 166 936 in
210 871 539 938 Horatium
582 870 776 939 libros
821 872 1088 962 efficies3
1140 892 1218 939 ae
1260 871 1527 959 proinde
1571 871 1853 940 deeimus
1896 872 2053 941 liber
2094 874 2180 942 ad
2224 882 2444 947 artem

97 980 419 1063 poetieam·
455 979 817 1064 pertinebit,
861 1000 1054 1064 quam
1095 980 1408 1067 prioribus
1453 979 1837 1066 temporibus
1881 1000 2030 1066 non,
2069 987 2139 1049 ut
2178 990 2437 1071 postea,

96 1106 262 1173 pone
318 1087 664 1153 earminum
718 1087 912 1156 libros
937 1072 1117 1155 ¹'ante
1171 1087 1413 1174 epodos
1459 1094 1572 1154 aut
1612 1093 1759 1174 post
1801 1106 2056 1155 earmen
2101 1092 2439 1163 saeoulare

95 1201 243 1262 ante
298 1213 620 1261 sermones
679 1200 742 1262 et
796 1195 1102 1282 epistulas
1159 1190 1258 1279 (ιι.
1298 1194 1503 1262 Bentl.
1543 1193 1664 1281 prs.
1706 1216 1770 1280 p.
1798 1194 1864 1263 X
1902 1191 2005 1279 L.)
2055 1197 2436 1271 eolloeatam

94 1302 310 1387 fuisse,
357 1302 473 1369 sed
517 1308 664 1388 post
691 1302 999 1389 epistulas
1030 1310 1522 1370 eonsentaneum
1551 1307 1666 1370 est.
1711 1336 1799 1351 —-
1841 1302 1971 1369 iam
2003 1323 2154 1371 uero
2184 1306 2430 1393 optime

94 1410 407 1493 quadrant
470 1409 583 1476 illa
645 1409 820 1496 apud
879 1409 1235 1477 Cbarisium
1290 1430 1355 1495 p.
1399 1410 1544 1476 182.
1618 1428 2001 1494 quamquam
2055 1411 2226 1481 enim
2285 1435 2432 1487 eon·
2549 1472 2556 1479 .

93 1517 445 1585 sedendum
487 1524 585 1584 est
615 1517 944 1585 suffecisse
974 1516 1260 1602 fortasse,
1307 1516 1366 1583 si
1394 1515 1720 1584 Charisius
1747 1538 1864 1604 pro
1880 1514 2017 1586 ‘ubi
2045 1518 2121 1585 Τ.
2144 1518 2424 1591 Scaurus

91 1624 156 1690 in
212 1624 678 1692 commentariis
734 1624 798 1690 in
854 1646 914 1692 a.
954 1610 1018 1711 p.
1057 1624 1219 1692 libro
1245 1621 1336 1692 X’
1380 1624 1743 1710 scripsisset
1795 1625 1901 1692 uel
1928 1623 2065 1693 ‘ubi
2115 1624 2423 1701 Snaums’

91 1731 194 1799 uel
222 1727 359 1799 ‘ubi
413 1731 687 1799 Seaurus
744 1732 810 1798 in
865 1733 1330 1800 commentariis
1383 1733 1452 1799 in
1494 1753 1553 1800 a.
1594 1729 1677 1818 p?
1718 1731 1824 1799 uel
1852 1728 1989 1800 ‘ubi
2032 1732 2305 1804 Scaurus
2350 1737 2422 1805 in

91 1839 556 1908 commentariis
600 1839 685 1927 in,
711 1839 1039 1906 Horatium
1083 1840 1124 1905 l.
1154 1837 1262 1925 X’,
1307 1846 1519 1906 tamen
1551 1839 1824 1926 primum
1852 1841 2257 1926 reputandum
2287 1851 2409 1928 est,

88 1965 204 2013 nos
250 1947 317 2012 in
359 1946 769 2032 grammatieo
816 1946 1058 2014 uersari
1099 1967 1219 2015 nee
1259 1953 1393 2015 tam
1438 1947 1865 2031 quaerendum
1894 1966 2060 2033 esse,
2099 1949 2402 2032 quomodo

86 2053 460 2122 breuissime
517 2059 581 2122 et
632 2054 1100 2140 elegantissime
1156 2056 1237 2122 ab
1294 2074 1388 2123 eo
1426 2055 1730 2142 seriptum
1787 2055 2156 2141 oportuerit,
2222 2075 2416 2140 quam

85 2183 235 2231 num
280 2162 534 2230 omnino
578 2162 671 2230 ita
701 2161 876 2247 loqui
904 2162 1207 2258 potuerit.
1251 2169 1317 2231 et
1344 2160 1467 2231 hoe
1493 2162 1752 2248 quidem
1779 2162 2004 2249 negari
2030 2183 2159 2231 non
2184 2169 2418 2262 potest.

86 2271 384 2356 fortasse,
430 2271 487 2339 si
530 2270 787 2338 ariolari
828 2270 992 2355 lieet,
1036 2270 1182 2338 ideo
1225 2272 1482 2342 uberius
1526 2270 1851 2341 Charisius
1892 2271 2140 2340 loeutus
2185 2280 2300 2359 est,
2344 2279 2420 2343 ut

84 2378 560 2465 ambiguitatem
627 2379 920 2464 euitaret,
986 2398 1069 2447 ne
1125 2379 1300 2446 aliud
1355 2378 1578 2446 Scauri
1631 2379 2004 2465 opuseulum
2054 2380 2417 2466 siguificare

84 2492 433 2573 putarem-3
479 2469 749 2554 fortasse
794 2485 904 2553 illa
945 2487 1142 2554 uerba
1180 2486 1279 2555 ‘sio
1321 2493 1392 2554 ut
1433 2507 1601 2554 nuno
1644 2486 1710 2553 in
1731 2508 1738 2513 ·
1756 2486 1893 2555 eius
1916 2481 2078 2555 ‘arte
2106 2508 2416 2573 gramma-

82 2591 235 2661 tiea'
276 2600 493 2662 extant
535 2594 602 2660 in
647 2593 1018 2661 aduersaria
1060 2613 1197 2679 sua,
1241 2615 1384 2662 oum
1432 2600 1797 2681 excerperet
1838 2593 2060 2664 Scauri
2105 2614 2413 2664 commen-

82 2702 304 2786 tarios,
358 2702 657 2770 retulerat
709 2706 774 2769 et
827 2702 1000 2769 nullo
1055 2704 1249 2770 uerbo
1306 2709 1546 2770 mutato
1591 2702 1658 2769 in
1685 2697 1944 2770 ‘artem'
1987 2721 2169 2770 suam
2214 2709 2409 2772 trus-

81 2809 352 2897 seripsit.
395 2846 484 2860 --
528 2810 689 2877 alter
729 2829 881 2877 uero
911 2808 1186 2878 Charisii
1227 2810 1404 2877 loeus
1433 2804 1530 2897 (p.
1555 2810 1680 2877 188
1702 2805 1798 2894 P),
1842 2809 1953 2878 ubi
1980 2808 2239 2896 primus,-
2284 2829 2408 2878 non

81 2918 199 3005 qui
243 2926 400 2984 am
443 2937 668 2984 omnes
715 2916 832 2984 sed
876 2924 1025 2985 ante
1070 2937 1255 3002 quem
1301 2937 1487 2985 nemo
1533 2923 1632 2985 est
1657 2920 1715 2982 'a
1758 2901 1995 2986 Scauro
2040 2917 2406 3004 explicatur,

79 3024 284 3109 magis
330 3024 506 3092 fauet
551 3044 740 3109 quam
785 3026 993 3093 obstat
1035 3046 1217 3096 meae
1262 3024 1564 3112 opinioni.
1630 3024 1907 3092 Scaurus
1949 3022 2120 3094 euim
2149 3024 2215 3092 in
2247 3045 2406 3094 eom-

78 3131 402 3201 mentariis
446 3131 812 3200 Horatianis
856 3133 941 3201 ad
985 3134 1141 3201 artis
1169 3140 1337 3221 poet.
1367 3153 1621 3202 uersum
1651 3131 1738 3198 84
1768 3125 2023 3215 ‘equum
2068 3133 2404 3202 eertamine

74 3236 389 3325 primum’
435 3234 634 3324 (quod
673 3241 932 3308 uerbum
964 3241 1053 3308 ibi
1083 3241 1275 3308 schol.
1308 3239 1495 3323 Cruq.
1526 3239 2041 3325 interpretantur:
2071 3236 2402 3326 ‘quiante

79 3340 359 3430 omnes')
411 3346 518 3413 uel
561 3366 621 3414 u.
657 3345 738 3412 75
784 3347 888 3414 uel
939 3348 1064 3414 103
1110 3348 1192 3416 de
1224 3343 1518 3436 ‘primus'
1563 3346 1871 3416 uocabulo
1926 3346 2244 3414 disserens
2299 3368 2402 3416 no-

74 3453 390 3522 tissimum
447 3454 620 3522 illum
668 3454 931 3540 Vergilii
987 3474 1243 3523 uersum
1305 3450 1589 3542 (Troiae
1649 3454 1760 3539 qui
1809 3453 2048 3542 primus
2092 3455 2175 3521 ab
2221 3451 2397 3539 oris')

76 3561 327 3630 adferre
370 3562 598 3647 potuit,
654 3560 720 3630 'et
764 3560 1090 3632 Charisius
1147 3583 1324 3631 eum
1346 3562 1633 3631 laudauit
1684 3561 1991 3649 particula
2044 3561 2166 3630 ubi
2219 3568 2396 3632 utens

75 3669 144 3735 in
188 3687 332 3737 eum
376 3669 632 3736 modum
650 3719 668 3756 ,
727 3689 914 3754 quem
970 3689 1167 3757 supra
1211 3669 1729 3740 memorauimus.
1773 3664 1869 3737 ‘ut
1919 3666 2147 3738 Maro‘
2147 3663 2397 3738 ‘Troiae

76 3776 187 3860 qui
229 3775 472 3862 primus
517 3778 598 3844 ab
644 3774 820 3845 oris'’
821 3778 994 3862 ,ubi
1040 3774 1108 3863 (i.
1141 3797 1198 3847 e.
1247 3798 1433 3864 quem
1479 3778 1685 3848 loeum
1717 3797 1834 3864 per
1859 3776 2203 3902 quamlibet
2229 3796 2396 3846 ocea-

78 3883 319 3951 sionem
364 3880 688 3972 adferens)
732 3881 1032 3954 Soaurus'
1077 3893 1141 3956 et
1185 3906 1246 3971 q.
1289 3906 1343 3954 s.

1003 4155 1478 4184 *-
