2638 4404
1223 62 1232 75 ·
1321 38 1362 104 9

173 225 362 308 cepta
392 216 783 305 syllabarum
813 213 1493 299 mensura'recessisse‚
1522 234 1671 281 nam
1701 213 2125 300 πτισανάριον
2149 232 2280 281 non
2308 218 2519 301 potest

178 348 305 397 non
349 323 954 411 antepaenultimam
1000 321 1330 408 corripere,
1376 327 1446 388 ut
1485 320 1555 387 fit
1595 321 1659 386 in
1701 322 1991 389 omnibus
2034 321 2221 388 huius
2265 321 2517 406 generis

181 432 606 516 deminutiuis‚
654 431 1002 517 ψυχάριον,
1034 426 1395 518 νηττάριον,
1436 424 1813 518 ψηπάριον,
1860 429 2022 515 aliis,
2064 436 2138 496 ut
2163 428 2517 497 Meinekius

176 541 379 633 praef.
425 562 489 627 p.
518 538 810 605 XXXXI
855 538 1071 609 docuit-
1113 538 1271 604 conl.
1315 536 1611 604 Menand.
1657 536 1835 620 reliq.
1881 559 1943 625 p.
1979 538 2126 604 180.

202 684 209 693 =
366 648 690 716 Scaurus.
739 665 791 712 s.
821 646 873 731 Ι,
903 646 963 730 3,
994 646 1114 711 48:
1147 639 1351 710 ‘illum
1381 644 1648 712 balbutit
1676 662 1985 730 scaurum,
2030 644 2248 731 prauis
2294 643 2519 711 fultum

182 758 357 827 male
396 752 577 823 talis.²
651 752 844 821 schol.
881 750 1098 836 Oruq.:
1131 748 1382 820 Scauri
1425 752 1733 835 dicuntur,
1779 753 1889 836 qui
1932 752 2093 820 talos
2137 752 2373 819 habent
2418 773 2522 818 ex-

189 871 412 934 tantes.
500 861 613 929 alii
657 860 875 928 dicunt
919 880 1177 927 scauros
1224 880 1399 945 esse,
1454 860 1563 943 qui
1618 859 1855 927 habent
1906 860 2070 927 talos
2113 860 2401 929 inuersos
2458 863 2523 928 et

192 967 533 1041 tortuosos?
605 969 894 1054 Σκαῦρος
936 968 1019 1035 de
1063 986 1224 1053 equo
1270 965 1434 1034 dixit
1474 965 1787 1054 Apsyrtus
1833 968 1897 1033 in
1938 961 2523 1054 hippiatr.:‘17mo;

190 1075 408 1156 ἱκανὸς
434 1073 605 1162 πρὸς
629 1073 852 1160 ὅχείαν
878 1071 963 1162 μή
999 1073 1312 1159 σκαύρους
1342 1069 1562 1151 πόδας
1598 1074 1789 1158 ἐχέτω
1832 1074 1998 1162 μηδὲ
2024 1072 2405 1152 ταπεινούςῖ
2433 1112 2520 1122 --

185 1194 361 1257 extat
401 1185 599 1253 etiam
642 1184 709 1250 in
736 1183 969 1269 glossis
999 1181 1348 1267 Philoxeni,
1392 1182 1501 1249 ubi
1543 1181 1841 1267 σκαμβός,
1891 1182 2171 1261 unaing,
2217 1181 2522 1269 στρεβλό-

184 1317 345 1372 πους
394 1292 762 1379 explicatur.
828 1290 948 1357 sed
989 1290 1165 1357 nulla
1208 1310 1403 1357 causa
1447 1296 1562 1375 est,
1608 1309 1719 1357 cur
1758 1289 1880 1357 hoc
1907 1292 2282 1358 uocabulum
2312 1291 2521 1377 potius

181 1422 485 1491 graecum
538 1395 645 1485 (ut
698 1397 1054 1465 Freundius
1114 1393 1389 1482 aliique)
1446 1417 1636 1481 quam
1692 1397 1957 1465 latinum
2012 1419 2156 1466 esse
2215 1398 2521 1466 dicamus.

184 1530 381 1597 quare
425 1506 531 1574 hic
574 1506 864 1573 omittere
908 1505 1237 1572 debebam.
1280 1540 1371 1552 —-
1415 1504 1562 1572 hinc
1607 1524 1952 1590 cognomen
1998 1505 2302 1574 Scaurus:
2359 1506 2519 1573 Plin.

183 1640 244 1686 n.
273 1617 339 1684 h.
374 1617 475 1701 11,
504 1604 625 1680 45:
655 1605 834 1679 ‘uola
874 1612 1115 1678 homini
1156 1618 1418 1698 tantum,
1463 1613 1746 1699 exceptis
1783 1613 2180 1697 quibusdam.
2246 1633 2523 1699 namque

186 1732 249 1796 et
291 1725 439 1791 hinc
484 1721 859 1807 cognomina
901 1720 1162 1787 inuenta
1187 1719 1425 1806 Planci,
1454 1720 1678 1806 Plauti,
1708 1719 1949 1806 Scauri,
1977 1719 2267 1789 Pansae?
2332 1722 2523 1801 Quin-

185 1833 276 1901 til.
305 1833 357 1918 Ι,
383 1833 445 1915 4,
477 1826 598 1898 25:
639 1826 1047 1896 ‘scrutabitur
1088 1864 1178 1875 --
1220 1829 1498 1914 origines
1554 1825 1907 1895 nominum:
1963 1847 2131 1913 quae
2178 1848 2259 1898 ex
2301 1829 2522 1898 habitu

188 1938 466 2026 corporis
519 1937 720 2004 Rufos
776 1935 1155 2021 Longosque
1213 1935 1525 2005 fecerunt:
1591 1937 1700 2004 ubi
1772 1936 1892 2003 erit
1958 1936 2134 2004 aliud
2201 1937 2521 2023 secretius,

195 2046 426 2128 Sullae,
467 2043 709 2130 Burrhi,
756 2043 1015 2129 Galbae,
1060 2044 1284 2128 Plauti,
1330 2044 1596 2129 Pansae,
1643 2043 1881 2129 Scauri,
1925 2042 2240 2129 taliaque?

366 2152 687 2221 Hactenus
743 2151 827 2219 de
881 2150 1149 2236 graecis.
1238 2157 1586 2219 ceterorum
1642 2153 2022 2222 enumerabo
2066 2152 2338 2240 primum
2384 2154 2525 2221 sub-

188 2262 481 2348 stantiua„
527 2261 763 2331 deinde
805 2259 1141 2348 adiectiua,
1187 2265 1321 2328 tum
1364 2262 1577 2346 uerba,
1620 2267 1936 2348 postremo
1982 2261 2306 2329 aduerbia.

360 2370 569 2455 Atque
613 2369 736 2436 hoc
780 2367 936 2434 mihi
978 2367 1201 2436 uideor
1242 2375 1415 2437 recte
1458 2369 1854 2453 contendere,
1898 2390 2023 2436 non
2068 2388 2261 2456 posse
2290 2370 2370 2436 ab
2400 2368 2525 2436 Ho-

187 2477 344 2545 ratio
390 2477 561 2545 facta
604 2495 752 2544 esse
796 2475 1194 2543 substantiua
1239 2476 1342 2543 uel
1380 2476 1703 2562 primitiua
1730 2477 1837 2544 uel
1880 2497 1974 2562 ea,
2021 2497 2185 2561 quae
2217 2497 2376 2561 quas
2421 2497 2523 2547 res

187 2592 295 2654 aut
321 2603 633 2672 personas
663 2584 1108 2670 significarent,
1141 2604 1221 2650 ex
1251 2584 1412 2670 ipsis
1434 2586 1595 2651 ultro
1619 2585 1984 2670 intellegere
2013 2605 2200 2651 nemo
2229 2585 2523 2672 potuerit.

190 2693 332 2761 dico
377 2691 606 2759 haece:
651 2691 926 2773 barrus,
972 2689 1413 2775 caliendrum,
1461 2691 1837 2777 ciniflone-S,
1882 2690 2173 2760 cultellus
2174 2740 2201 2773 ,
2235 2691 2524 2759 diludia.

368 2798 638 2865 Barrus
671 2794 882 2885 (epod.
919 2799 1018 2884 12,
1056 2795 1121 2885 1)
1151 2819 1380 2866 nomen
1418 2799 1738 2886 elephanti
1768 2807 1867 2868 est
1896 2802 1976 2867 ab
2007 2799 2185 2867 Indis
2217 2806 2326 2866 aut
2352 2799 2524 2866 Afris

184 2907 486 2995 petitum3
542 2924 603 2972 u.
646 2906 914 2993 scholia,
970 2907 1260 2991 Festum,
1319 2907 1636 2974 Isidorum
1690 2908 1845 2994 orig.
1890 2908 2001 2993 12,
2041 2904 2111 2992 2,
2152 2907 2236 2972 14
2281 2902 2387 2992 (cf.
2425 2908 2524 2992 16,

182 3014 247 3099 5,
264 3010 380 3100 ·9);
425 3012 620 3098 gloss.
649 3012 997 3085 Philoxeni.
1043 3049 1133 3063 —-·
1161 3012 1449 3084 ‘barrire'
1498 3021 1682 3093 extat,
1715 3015 1889 3102 apud
1929 3015 2189 3082 Festum
2233 3022 2297 3081 et
2341 3014 2527 3101 Spar-

181 3121 338 3188 tian.
368 3120 511 3189 Get.
541 3118 617 3205 53
635 3114 961 3189 ‘barritus'
992 3122 1165 3209 apud
1196 3121 1428 3209 Appul.
1449 3122 1583 3189 flor.
1607 3122 1757 3208 358,
1790 3125 1831 3189 2
1864 3129 1927 3189 et
1953 3120 2178 3192 Isidor.
2210 3122 2250 3189 l.
2274 3117 2526 3207 l.;‘bar·

180 3229 365 3296 rinae
393 3224 610 3298 aures²
651 3227 824 3314 apud
852 3228 1067 3296 Sidon.
1099 3251 1199 3318 ep.
1234 3231 1294 3316 3,
1332 3232 1431 3297 13.
1500 3231 1733 3298 Barrus
1764 3251 2112 3316 cognomen
2157 3236 2309 3312 erat,
2355 3231 2529 3297 uelut

181 3335 263 3402 Τ.
287 3335 496 3402 Betuti
517 3335 822 3404 Asculani
847 3337 1346 3421 eloquentissimi
1371 3333 1527 3424 (Cic.
1551 3338 1723 3406 Brut.
1747 3340 1788 3419 ἓ
1816 3335 1970 3424 169)
1998 3338 2273 3420 itemque
2295 3337 2526 3405 Barros

182 3450 496 3511 memorat
536 3443 837 3530 Horatius
886 3463 1070 3512 serm.
1099 3447 1150 3531 Ι,
1183 3447 1242 3530 6,
1275 3446 1363 3511 30
1408 3453 1471 3514 et
1519 3447 1576 3532 7,
1610 3447 1649 3520 8
1697 3442 1873 3533 (nam
1915 3447 1963 3531 Ι,
2003 3446 2065 3528 4,
2111 3445 2240 3511 110
2270 3439 2525 3512 ‘Barus’

181 3549 604 3638 legendumst.
649 3572 710 3620 u.
740 3552 826 3619 M.
854 3551 1090 3639 Haupt.
1122 3553 1191 3618 in
1226 3552 1427 3620 Rhen.
1462 3553 1622 3621 Mus.
1656 3552 1746 3635 3).
1815 3572 2149 3641 perperam
2192 3573 2344 3621 uero
2374 3554 2529 3620 Tur-

186 3661 386 3727 nebus
431 3660 540 3728 illo
586 3661 835 3748 epodon
880 3680 1072 3729 uersu
1106 3660 1338 3727 Barros
1382 3660 1680 3729 homines
1715 3659 2171 3745 intellegendos
2217 3682 2362 3729 esse
2407 3668 2528 3728 sta-

185 3766 326 3850 tuit,
371 3767 605 3855 quippe
647 3769 756 3852 qui
790 3768 1006 3836 Barris
1050 3768 1216 3853 illis‚·
1241 3787 1427 3835 serm.
1456 3769 1505 3855 Ι,
1545 3771 1603 3855 7,
1636 3771 1675 3835 8
1724 3769 2244 3853 commemoratis,
2290 3769 2529 3836 similes

185 3873 350 3958 sint,
407 3894 562 3959 quos
608 3875 924 3946 deformes
971 3881 1035 3943 et
1077 3876 1293 3962 nigros
1340 3876 1539 3945 fuisse
1586 3877 1831 3944 conicit.
1877 3912 1965 3925 —
2011 3877 2213 3943 obiter
2255 3875 2359 3943 hic
2402 3896 2529 3942 mo-

176 3982 435 4051 nuerim
479 4003 557 4051 ex
602 3983 701 4069 iis,
747 4004 910 4068 quae
956 3984 1061 4052 hic
1091 3979 1305 4070 (serm.
1338 3985 1386 4070 I,
1420 3987 1478 4071 7,
1512 3980 1581 4069 8)
1615 3983 1992 4052 scholiastae
2035 3983 2287 4067 habent,
2334 3984 2529 4067 probe

177 4089 349 4157 disci
406 4109 627 4176 posse,
693 4110 816 4175 quo
870 4098 1057 4178 pacto
1124 4091 1368 4159 scholia
1423 4092 1686 4175 antiqua
1750 4098 1815 4159 et
1868 4092 2068 4178 proba
2121 4091 2187 4155 in
2243 4088 2521 4156 deterius

175 4198 370 4286 lapsa
397 4197 746 4286 paullatim,
775 4219 1091 4284 ueraeque
1121 4199 1577 4287 explicationes
1610 4199 1775 4268 male
1807 4197 2158 4266 intellectae
2186 4212 2522 4281 per-uersae

2507 4281 2629 4359 γΔ
