2638 4404
1120 28 1360 100 ‘24

136 208 304 277 cisse
348 210 782 295 grammaticis
826 209 1202 278 documento
1244 217 1396 278 sunt
1440 206 1699 279 scholia.
1787 213 2112 283 Bentleius
2153 232 2325 301 uero,
2375 217 2492 301 qui
2591 220 2592 231 ’

136 337 348 386 acrem
392 317 454 387 ei
496 317 672 385 litem
719 317 991 387 intendit
1034 319 1500 403 delendumque
1545 339 1690 388 esse
1735 328 1968 407 censet,
2012 328 2184 391 recte
2214 320 2295 390 ab
2325 324 2493 394 Ges·

134 445 289 493 nero
332 432 398 493 et
443 426 819 512 explicatius
863 429 945 495 ab
976 427 1344 495 Heindorfio
1389 427 1698 499 refutatus
1739 435 1856 496 est.
1908 427 2046 497 ‘ue'
2075 430 2245 497 enim
2289 426 2490 518 partiss

135 533 279 600 cula
322 533 390 600 in
435 534 869 620 conpositione
915 552 1167 622 semper
1208 536 1436 602 uitium
1467 542 1660 620 notat,
1704 536 1881 603 uelut
1907 533 2308 623 ‘uegrandis'
2354 541 2491 609 dici

132 647 346 727 potest
384 647 448 713 et
490 642 599 725 qui
629 643 832 709 maior
861 643 1027 710 iusto
1073 649 1137 710 et
1177 642 1289 725 qui-
1316 643 1521 709 minor
1549 649 1664 710 est.
1733 642 1995 730 Gellius,
2041 647 2149 730 qui
2178 647 2251 731 V,
2288 648 2371 713 12
2422 655 2489 718 et

132 748 302 834 XVI,
333 748 376 816 5
423 749 505 816 de
550 770 630 816 ea
671 750 984 835 particula
1027 749 1329 836 disputat,
1374 770 1500 817 non
1536 751 1703 818 clare
1747 753 2075 838 perspexit
2119 754 2260 822 eius
2303 763 2487 825 natu·-

131 876 288 923 ram.
378 856 551 941 quod
593 865 806 925 autem
850 850 1174 927 Bentleius
1203 856 1299 925 ‘in
1345 858 1712 943 ambiguae,
1768 860 1997 944 inquit,
2042 862 2221 929 uocis
2265 865 2488 951 nepai-

129 963 266 1031 lida
319 984 441 1031 usu
483 963 789 1033 ridendus
834 965 997 1034 foret
1039 966 1342 1033 Horatius
1352 963 1393 1052 ³,
1448 986 1575 1033 non
1632 967 1841 1052 magis
1899 967 1959 1033 ei
2017 975 2185 1035 certe
2236 970 2304 1036 in
2358 971 2486 1041 hac

128 1090 289 1139 uoce
335 1078 400 1139 et
441 1071 549 1138 illo
591 1072 731 1140 loco
776 1074 1160 1159 ambiguitas
1204 1070 1491 1141 timenda
1533 1080 1696 1159 erat,
1740 1093 1931 1157 quam
1976 1075 2071 1142 eis
2117 1076 2228 1160 qui
2256 1074 2482 1148 ‘male'
2539 1130 2544 1135 ·

131 1168 283 1248 cum‘
332 1178 651 1246 adiectiuo
708 1180 920 1265 iuncto
966 1187 1315 1267 uterentur,
1373 1182 1691 1266 siquidem
1747 1201 1826 1249 ex
1871 1183 2080 1268 totius&
2123 1187 2484 1256 sententiae

130 1306 375 1355 conexu
432 1293 498 1354 et
550 1287 717 1356 serie
769 1295 909 1356 utro
961 1289 1150 1356 modo
1193 1290 1495 1359 uitiosum
1540 1288 2035 1375 intellegendum
2088 1298 2262 1360 esset
2312 1295 2484 1364 ultro

129 1395 409 1482 perspici
451 1401 690 1482 posset.
740 1393 894 1464 ‘Ne’
936 1404 1148 1465 autem
1192 1397 1481 1483 Bentleii,
1526 1405 1596 1464 ut
1637 1404 1809 1465 recte
1851 1397 2095 1465 iudicat
2133 1399 2482 1489 Gesnerus‚

130 1522 381 1572 cursum
427 1503 730 1571 orationis
774 1504 1095 1592 intercipit
1136 1511 1202 1572 et
1246 1522 1390 1572 eam
1432 1505 1643 1573 reddit
1685 1505 2073 1590 languidam.

266 1666 271 1673 .
305 1610 493 1678 Alius
532 1602 786 1696 generis
833 1618 981 1681 sunt
1025 1613 1366 1699 centiceps
1413 1620 1481 1680 et
1526 1614 1979 1700 tauriformis.

311 1718 693 1804 centiceps.
743 1737 796 1786 c.
826 1719 907 1804 ΙΙ,
943 1721 1044 1804 13,
1074 1721 1193 1786 34:
1229 1714 1414 1804 ‘qnid
1457 1720 1714 1806 mirum,
1760 1723 1869 1789 ubi
1915 1721 2041 1789 illis
2088 1723 2480 1792 carminibus

129 1834 393 1913 stupens
440 1827 714 1895 demittit
771 1833 943 1894 atras
988 1826 1177 1895 belua
1231 1829 1552 1914 centiceps
1610 1829 1782 1897 auris
1837 1834 1905 1897 et
1955 1829 2166 1895 intorti
2217 1831 2478 1915 capillis

127 1933 553 2002 Eumenidum
606 1942 970 2003 recreantur
1023 1954 1268 2020 angues
1277 1933 1341 2000 *θ’
1381 1972 1473 1983 —-
1517 1931 1710 2003 Κύων
1754 1934 1985 2004 ’Λΐδαο
2041 1935 2150 2020 qui
2204 1943 2472 2005 uocatur

50 2052 55 2056 ’
127 2043 194 2110 in
250 2042 633 2111 carminibus
687 2042 1042 2111 Homericis
1100 2039 1200 2128 (11.
1234 2046 1324 2120 Θ,
1357 2044 1518 2131 368;
1576 2042 1700 2111 od.
1726 2044 1800 2122 ³„-
1825 2042 2016 2128 623),
2077 2044 2350 2131 primum
2403 2044 2476 2110 in

128 2150 501 2237 Theogonis
541 2151 870 2220 Hesiodea
913 2146 1100 2237 (310)
1146 2155 1459 2238 Κέρβερος
1505 2151 1889 2237 nominatur,
1945 2153 2054 2220 ubi
2096 2152 2390 2220 Echidna
2432 2170 2478 2221 a

127 2259 482 2347 'ryphaone
532 2258 764 2329 ’Atdw
821 2260 999 2327 sceva.
1025 2247 1498 2347 χάλκεόφωνον
1550 2256 2235 2349 πεντηκοντακιίρηνον
2283 2260 2476 2345 parit.

125 2388 204 2436 ac
257 2368 631 2455 plerumque
686 2367 944 2453 quidem
999 2369 1124 2435 tria
1174 2368 1241 2435 ei
1297 2368 1514 2455 capita
1566 2369 1936 2437 tribuuntur.
2002 2365 2198 2452 Soph.
2240 2367 2474 2435 Trach.

131 2477 301 2544 1098
347 2475 579 2544 ‘hludov
631 2481 976 2563 τρίκρανον
1031 2475 1341 2542 σκύλακα.
1428 2476 1648 2563 Eurip.
1678 2477 1862 2544 Hero·
1905 2473 2023 2541 fur.
2069 2475 2233 2558 611,
2277 2475 2472 2542 1277.

123 2584 417 2672 Apollod.
445 2585 542 2670 11,
573 2565 651 2669 5‚‘
683 2585 787 2652 12.
831 2584 1120 2652 Hermes.
1151 2604 1255 2670 ap.
1278 2583 1506 2682 Athen.
1550 2577 1657 2666 (el.
1686 2578 1814 2669 12),
1858 2575 2235 2668 venenum:
2277 2583 2473 2669 δετμα

125 2696 332 2780 φέρον
383 2691 721 2781 κεφαλαῖς.
797 2691 927 2758 Cic.
969 2693 1160 2759 Tusc.
1199 2693 1260 2777 1,
1300 2693 1344 2758 5
1358 2729 1375 2776 5
1428 2692 1512 2757 10
1546 2685 1804 2777 ‘triceps
1859 2688 2089 2776 Cerb.’‚·
2122 2691 2355 2777 Vergil.
2390 2692 2470 2759 A.

123 2801 241 2886 VI,
281 2801 412 2866 417
449 2795 788 2869 ‘Cerberus
831 2799 994 2867 haec
1037 2800 1263 2885 ingens
1307 2799 1541 2865 latratu
1584 2818 1783 2884 regna
1836 2797 2088 2865 trifauci
2131 2797 2473 2885 personat?

124 2907 355 2994 Georg.
385 2909 531 2995 1111,
561 2910 691 2975 483
724 2906 1093 3000 ‘tenuitque'
1115 2908 1370 2975 inhians
1401 2908 1523 2974 tria
1556 2906 1863 2973 Cerberus
1905 2901 2057 2973 ora?
2098 2907 2470 2994 Lygdamus
2597 2949 2598 2952 =

123 3018 185 3101 4,
232 3017 317 3083 88
358 3012 493 3083 ‘cui
535 3022 664 3084 tres
712 3023 859 3083 sunt
900 3016 1158 3101 linguae
1200 3016 1744 3102 tergeminumque
1800 3012 2049 3101 caput’3
2106 3015 2291 3101 Prop.
2321 3016 2469 3101 ΠΗ,

124 3124 185 3209 5,
216 3125 302 3190 43
332 3121 561 3191 ‘tribus
607 3125 921 3192 infernum
961 3123 1236 3191 custodit
1263 3124 1554 3192 faucibus
1584 3115 1834 3190 antrum
1866 3119 2213 3190 Cerberus?
2280 3121 2471 3190 Ouid.

124 3238 270 3299 met.
295 3232 442 3318 1111,
473 3230 771 3299 450‘tria
800 3232 1109 3300 Cerberus
1139 3229 1278 3299 ora'
1308 3228 1446 3317 (ubi
1481 3231 1565 3297 M.
1596 3230 1864 3317 H‘auptii
1899 3231 2046 3297 adn.
2076 3224 2273 3314 uide).
2332 3230 2472 3299 Sta·-

122 3339 250 3407 tius
298 3340 439 3407 silu.
468 3341 561 3426 11,
607 3342 675 3426 1,
720 3341 848 3406 184
890 3334 1094 3408 ‘illum
1149 3360 1270 3407 nec
1312 3346 1491 3407 terno
1529 3339 1792 3439 latrabit
1836 3338 2143 3406 Cerberus
2187 3335 2336 3405 ore?
2377 3375 2470 3388 —-

124 3455 375 3516 centum
419 3447 677 3517 Cerberi
721 3447 932 3534 capita
977 3448 1339 3534 praeiuerat
1381 3448 1645 3515 Horatio
1680 3447 2014 3529 Pindarusj
2058 3444 2115 3512 si
2157 3444 2320 3513 fides
2351 3446 2472 3514 Ve-

122 3556 289 3624 netis
333 3555 779 3643 interpretibus
822 3554 879 3620 A
926 3563 989 3623 et
1032 3556 1086 3622 B
1132 3555 1218 3623 ad
1261 3558 1335 3623 Il.
1369 3560 1463 3636 Θ,
1508 3556 1670 3641 368,
1727 3561 1797 3622 ut
1837 3552 2125 3621 Naekius
2170 3573 2387 3639 opusc.
2417 3555 2468 3640 I,
2597 3587 2598 3590 ¹

123 3684 186 3751 p.
220 3665 256 3730 7
263 3666 304 3731 3
350 3664 468 3748 ait,
526 3664 636 3747 qui
692 3663 921 3731 falsam
978 3683 1122 3731 esse
1174 3663 1389 3732 docuit
1433 3665 1812 3732 scholiastae
1858 3661 2469 3748 interpretationem:
2597 3693 2598 3708 κ

119 3768 470 3858 ‘centiceps
522 3771 863 3840 Cerberum
929 3772 1091 3839 dixit
1144 3778 1403 3859 propter
1457 3772 1921 3839 multitudinem
1989 3770 2291 3855 anguium
2358 3771 2469 3854 qui

124 3877 190 3945 in
246 3879 456 3965 capite
514 3878 652 3945 eius
710 3877 1116 3964 eminebant³,
1174 3900 1443 3964 eamque
1494 3886 1747 3949 secutus
1796 3879 1859 3945 in
1919 3879 2129 3965 capite
2142 3929 2160 3962 ,
2217 3899 2345 3944 non
2400 3879 2467 3945 in

125 3991 302 4069 tergo
362 3985 620 4052 Cerberi
674 3994 1001 4073 serpentes
1067 3985 1284 4073 posuit
1321 3984 1633 4055 ‘tenebrio
1690 3985 1826 4055 ille'
1884 3987 1994 4070 (lui
2057 3985 2465 4053 foedissimas

125 4092 269 4158 illas
300 4092 521 4161 sordes
553 4111 606 4160 c.
637 4093 749 4178 HI,
784 4095 885 4179 11,
922 4096 1000 4161 17
1003 4129 1092 4142 —-
1105 4095 1194 4163 20
1236 4093 1643 4180 interpolauit
1672 4091 1779 4179 (cf.
1809 4093 2176 4161 Buttmanni
2204 4091 2463 4179 Mythol.

45 4285 49 4290 Ι
125 4199 206 4285 11,
247 4195 425 4285 367).

45 4293 145 4366 Q
