2638 4404
1269 44 1358 112 26

145 221 362 288 natiuo
408 240 561 288 casu
603 221 820 290 uersui
862 221 1193 296 commoda
1248 243 1377 289 non
1421 226 1613 291 esset.
1702 223 1768 291 id
1813 223 1985 308 quod
2028 224 2494 314 Peerlkampus

147 324 247 414 (p.
278 326 406 412 65)
457 336 680 415 negat:
726 328 905 398 ‘nam
962 332 1180 399 statim
1235 330 1353 397 tibi
1366 381 1384 415 ,
1442 331 1672 416 inquit,
1726 331 2039 400 Achillem
2079 332 2493 403 Homericum

146 436 212 502 in
253 455 444 505 uersu
488 437 871 505 Hexametro
914 439 1433 526 repraesentabo:
1489 438 1758 525 scriptor
1811 439 1871 506 si
1913 439 2186 510 fortasse
2223 442 2491 528 reponis

142 544 547 613 Homericum
590 545 918 612 Achillem.
992 547 1060 612 in
1117 566 1241 630 quo
1293 565 1485 613 uersu
1539 545 1646 613 hic
1699 544 1861 612 nihil
1902 553 2003 619 est
2043 545 2221 616 duri?
2264 586 2355 597 —-
2399 558 2490 636 at,

142 652 303 739 pa‘ce
347 653 508 720 tanti
552 653 674 720 uiri
718 652 1004 739 dixerim,
1049 653 1170 720 hoc
1214 654 1272 720 si
1315 674 1538 721 uerum
1580 660 1697 739 est,
1740 654 1831 720 nil
1865 654 2033 721 intra
2062 662 2163 723 est
2189 656 2351 741 olea,
2395 658 2491 725 nil
2581 647 2586 653 ’

141 767 322 828 extra
364 766 464 828 est
506 760 573 826 in
617 780 779 828 nuce
825 761 984 827 duri.
1015 799 1103 808 —-
1135 768 1200 829 et
1240 762 1543 847 praetulit
1556 758 1995 828 ‘Homereum'
2023 761 2292 831 formam
2334 764 2491 832 huic

138 861 613 936 ‘Homeriacum
621 865 661 952 ³,
707 875 1045 954 propterea
1088 868 1260 953 quod
1288 869 1537 954 graecis
1553 864 1885 955 Ὁμήρεως
1917 869 2125 953 magis
2154 870 2486 956 placuerit.

138 996 258 1044 nec
313 976 817 1062 inprobabiliter·
841 976 1299 1046 restituendam
1356 977 1629 1044 eandem
1682 980 1901 1043 censet
1942 975 2154 1062 Priap.
2197 978 2284 1044 68
2298 1027 2317 1062 ,
2372 979 2487 1046 uhi

138 1084 391 1151 codices
446 1084 754 1152 mendose
785 1076 1129 1152 ‘meracas'
1180 1090 1294 1152 aut
1335 1077 1661 1151 ‘mericas'
1720 1079 1809 1167 (u.
1837 1082 2102 1168 Scalig„
2160 1090 2227 1153 et
2267 1084 2487 1154 Burm.

137 1191 388 1258 Anthol.
427 1192 535 1258 lat.
579 1193 639 1275 I,
686 1212 750 1277 p.
779 1186 940 1275 536)
995 1199 1060 1259 et
1079 1180 1093 1192 ⁸
1113 1192 1557 1278 epigrammati
1600 1191 1814 1257 Burm.
1846 1188 2101 1256 Anthol.
2141 1191 2206 1276 Ι,
2253 1213 2317 1278 p.
2349 1193 2483 1261 357

136 1299 246 1367 ubi
298 1299 648 1368 Vossianus
687 1296 1100 1365 ‘Homeraeo³
1155 1298 1431 1367 exhibet.
1489 1335 1579 1346 —
1635 1297 1893 1364 Sueton.
1932 1297 2081 1365 Ner.
2120 1298 2207 1364 47
2277 1299 2488 1369 forma

132 1403 531 1474 ‘Homerius’
576 1406 786 1474 utitur.
842 1442 932 1453 —
988 1407 1342 1473 sententiae
1397 1426 1549 1473 uero
1604 1412 1674 1473 ut
1713 1402 2148 1473 ‘honoratum'
2191 1406 2487 1476 codicum

136 1516 437 1602 ineptum,
482 1515 575 1581 ita
608 1506 1046 1581 ‘Homereum'
1089 1514 1364 1591 Bentleii
1407 1498 1810 1599 aptissimum
1853 1518 1972 1580 est.
2037 1512 2270 1581 multos
2310 1514 2484 1582 enim

134 1623 327 1691 uideo
355 1616 788 1690 ‘honoratum'
830 1620 927 1688 eis
970 1621 1362 1706 argumentis
1415 1620 1605 1704 tueri,
1650 1624 1831 1705 'quae
1884 1620 2062 1688 nulla
2103 1639 2251 1689 esse
2295 1621 2485 1690 Bent-
2593 1608 2594 1613 ἵ

132 1732 295 1799 leius
338 1731 469 1799 iam
512 1729 738 1814 euicit3
794 1748 990 1813 quare
1050 1729 1133 1796 de
1175 1729 1279 1795 his
1323 1729 1415 1794 nil
1457 1728 1686 1796 dicam.
1758 1727 2221 1814 Peerlkampus
2261 1735 2481 1797 autem

135 1837 225 1925 (p.
257 1837 370 1923 66)
416 1836 697 1923 argutari
739 1836 897 1903 mihi
940 1836 1222 1921 uidetur,
1264 1836 1422 1905 dum
1465 1834 1739 1903 Bentleii
1780 1855 1962 1902 arma
2006 1841 2221 1902 corma
2262 1835 2480 1920 ipsum

131 1947 340 2014 uertit.
408 1946 709 2013 Horatius
755 1944 925 2012 enim
968 1943 1091 2011 hoc
1134 1943 1318 2011 dicit:
1352 1936 1646 2011 ‘Famam
1692 1962 1987 2028 sequere3
2030 1947 2116 2027 ut,
2160 1941 2220 2011 si
2245 1941 2475 2008 Home-

131 2074 310 2122 reum
353 2054 661 2121 Achillem
705 2072 1013 2138 reponere
1055 2052 1336 2121 instituis
1350 2100 1368 2136 ,
1411 2071 1497 2119 ne
1539 2050 1601 2118 ei
1644 2049 1821 2117 aliud
1864 2049 2193 2136 ingenium
2234 2049 2481 2118 aliosne

132 2182 340 2231 mores
383 2161 644 2248 tribuas,
688 2180 882 2246 quam
909 2161 1241 2247 Homerus,
1286 2159 1406 2228 sed
1448 2157 1788 2246 inpigrum,
1831 2157 2207 2227 iracundum
2246 2162 2314 2226 et
2340 2175 2404 2242 q.
2423 2174 2481 2226 s.

132 2267 497 2340 describas?

306 2375 561 2445 Deinde
604 2377 770 2444 alius
813 2375 1176 2445 inflexionis
1220 2372 1665 2459 graecanicum
1709 2369 2015 2441 Lashom
2060 2391 2116 2440 c.
2150 2371 2215 2458 Ι,
2259 2372 2296 2439 1
2309 2421 2329 2458 ,
2369 2372 2481 2440 34.

129 2486 323 2553 Porro
367 2482 823 2552 Satureianus
878 2504 929 2551 s.
959 2484 1020 2569 Ι,
1055 2485 1126 2569 6,
1162 2483 1282 2549 59:
1323 2481 1479 2549 ‘non
1525 2503 1644 2568 ego
1691 2481 1924 2549 circum
1966 2470 2071 2549 'me
2113 2480 2481 2552 satureiam

131 2593 371 2661 uectari
425 2614 572 2660 rura
628 2592 901 2676 caballo,
960 2590 1077 2659 sed
1132 2590 1302 2674 quod
1359 2611 1534 2658 eram
1589 2584 1817 2656 narro?
1872 2623 1962 2638 --
2013 2588 2324 2675 oppidum
2375 2594 2482 2656 est

130 2702 448 2784 Σατύρων
502 2701 573 2767 in
616 2699 871 2768 oraculo
927 2700 1009 2766 ab
1055 2698 1365 2766 Strabone
1408 2698 1524 2782 VI,
1578 2719 1642 2783 p.
1661 2697 1806 2778 279
1852 2696 1998 2764 Cas.
2044 2717 2126 2765 ex
2167 2695 2481 2764 Antiocho

131 2815 410 2895 sumpto,
467 2828 668 2895 prope
710 2808 1057 2900 Tarentum
1114 2806 1305 2874 situm
1365 2802 1503 2890 (ubi
1541 2803 1864 2890 Σατύρων
1918 2804 2127 2890 prima
2168 2803 2480 2890 producta

129 2917 405 3002 positum
448 2924 549 2984 est
593 2915 779 2983 metri
820 2909 1260 2997 necessitate)3
1307 2913 1669 3000 Stephanus
1698 2911 1870 2997 Byzz
1913 2908 2254 2997 Σατύρων,
2297 2902 2479 2995 ξῑώρα

129 3023 402 3111 πλησίον
432 3019 789 3108 Τάραντος.
856 3017 948 3088 Τὸ
995 3018 1270 3088 &evazon
1296 3026 1650 3105 Σατυρϊνος
1691 3024 1801 3084 καὶ
1829 3020 2161 3106 Σατύρως.
2228 3018 2479 3086 Horatii

129 3132 266 3200 loco
320 3131 519 3198 utitur
592 3131 701 3215 qui
767 3130 1053 3198 scholion
1117 3129 1206 3196 ad
1245 3129 1435 3214 Verg.
1475 3128 1591 3195 Ge.
1632 3128 1725 3212 H,
1771 3128 1897 3195 197
1955 3126 2238 3214 scripsit,
2305 3125 2478 3211 quod

129 3239 304 3325 apud
334 3238 640 3307 ‘Seruium
683 3238 941 3323 legitur,
1001 3238 1323 3323 pessimae
1376 3236 1485 3303 ille
1541 3240 1711 3303 certe
1763 3234 2087 3303 doctrinae
2132 3232 2478 3318 iudiciique

127 3346 578 3433 grammaticus
623 3352 689 3413 et
732 3345 843 3411 uix
884 3345 1046 3413 satis
1091 3345 1410 3428 antiquus.
1477 3343 1573 3412 sic
1619 3343 1789 3410 enim
1825 3343 1985 3411 haec
2011 3340 2253 3425 Vergili
2280 3343 2480 3410 uerba

127 3455 600 3541 interpretatur:
639 3450 870 3521 ‘saluas
939 3458 1005 3520 et
1071 3453 1273 3520 saturi
1329 3451 1532 3538 petita
1583 3451 1931 3536 longinqua
1982 3444 2299 3518 Tarenti’:
2366 3454 2480 3518 aut
2589 3495 2590 3508 η

127 3561 299 3647 quod
344 3569 445 3630 est
487 3562 667 3629 iuxta
709 3560 1016 3647 oppidum
1061 3561 1378 3629 Saturum.
1444 3560 1789 3628 Tarentum
1844 3557 2014 3626 enim
2072 3563 2138 3626 et
2178 3556 2480 3624 Sami-um

127 3670 378 3737 uicinae
422 3675 571 3737 sunt
613 3669 738 3737 sibi
782 3668 1115 3737 Calabriae
1172 3668 1485 3735 ciuitates.
1552 3667 1853 3734 Horatius
1910 3670 1977 3733 et
2019 3685 2081 3750 q.
2111 3661 2184 3732 s?
2223 3699 2314 3712 -—-
2357 3684 2481 3733 uec
2589 3749 2590 3762 ἵ

128 3777 407 3845 melioris
437 3782 627 3844 notae
657 3782 806 3844 sunt
833 3777 995 3844 haec
1022 3775 1196 3862 apud
1225 3775 1519 3843 Seruium
1548 3775 1637 3842 ad
1664 3773 1853 3858 Verg.
1883 3771 2113 3858 Georg.
2142 3771 2289 3856 1111,
2312 3772 2477 3839 335:
2589 3807 2590 3844 3

124 3883 350 3971 ‘Hyali
403 3889 617 3951 saturo
673 3876 890 3952 fucata
945 3876 1199 3967 colore',
1241 3878 1499 3950 ‘Saturo
1566 3887 1679 3949 aut
1731 3886 1901 3948 certe
1958 3880 2304 3948 Tarentino
2319 3928 2337 3964 ‚
2393 3881 2477 3947 ah

131 3990 357 4058 Saturo
401 3990 663 4058 Tarenti
715 3992 982 4078 oppid03
1036 3990 1215 4058 iuxta
1257 3990 1605 4057 Tarentum
1662 3986 1830 4055 enim
1887 3995 2035 4056 sunt
2087 3986 2351 4074 baphia‚
2409 3987 2478 4053 in

132 4097 361 4180 quibus
403 4097 667 4182 tingitur
708 4095 895 4165 lana?
965 4099 1060 4166 sic
1104 4097 1334 4183 scripsi
1372 4117 1517 4164 cum
1545 4095 1792 4178 Vrsino‚
1838 4095 2019 4164 cuius
2063 4095 2203 4162 cod.
2219 4087 2475 4161 ‘Saturo

132 4203 276 4269 ”ui
329 4201 589 4290 oppido'
646 4203 856 4272 habet.
925 4241 1014 4252 —-
1079 4211 1146 4272 et
1210 4210 1381 4272 recte
1439 4203 1699 4287 quidem
1756 4204 1952 4273 habet
2004 4203 2209 4272 forma
2263 4199 2473 4268 Satu-
