<?xml version="1.0" encoding="UTF-8"?>
<!DOCTYPE html PUBLIC "-//W3C//DTD XHTML 1.0 Transitional//EN"
    "http://www.w3.org/TR/xhtml1/DTD/xhtml1-transitional.dtd">
<html xmlns="http://www.w3.org/1999/xhtml" xml:lang="en" lang="en">
 <head>
  <title>
</title>
<meta http-equiv="Content-Type" content="text/html;charset=utf-8" />
  <meta name='ocr-system' content='tesseract 3.04.00' />
  <meta name='ocr-capabilities' content='ocr_page ocr_carea ocr_par ocr_line ocrx_word'/>
</head>
<body>
  <div class='ocr_page' id='page_1' title='image "./dehoratiivocibu00zanggoog_0012.png"; bbox 0 0 2638 4404; ppageno 0'>
   <div class='ocr_carea' id='block_1_1' title="bbox 24 4281 53 4352">
    <p class='ocr_par' dir='ltr' id='par_1_1' title="bbox 24 4281 53 4352">
     <span class='ocr_line' id='line_1_1' title="bbox 24 4281 53 4352; baseline 0 0"><span class='ocrx_word' id='word_1_1' title='bbox 24 4281 53 4352; x_wconf 70' lang='lat' dir='ltr'>l</span> 
     </span>
    </p>
   </div>
   <div class='ocr_carea' id='block_1_2' title="bbox 1275 53 1324 123">
    <p class='ocr_par' dir='ltr' id='par_1_2' title="bbox 1275 53 1324 123">
     <span class='ocr_line' id='line_1_2' title="bbox 1275 53 1324 123; baseline 0 -2"><span class='ocrx_word' id='word_1_2' title='bbox 1275 53 1324 123; x_wconf 83' lang='lat'>4</span> 
     </span>
    </p>
   </div>
   <div class='ocr_carea' id='block_1_3' title="bbox 1103 144 1507 152">
    <p class='ocr_par' dir='ltr' id='par_1_3' title="bbox 1103 144 1507 152">
     <span class='ocr_line' id='line_1_3' title="bbox 1103 144 1507 152; baseline 0 4252"><span class='ocrx_word' id='word_1_3' title='bbox 1103 144 1507 152; x_wconf 95' lang='lat' dir='ltr'> </span> 
     </span>
    </p>
   </div>
   <div class='ocr_carea' id='block_1_4' title="bbox 116 225 2472 3327">
    <p class='ocr_par' dir='ltr' id='par_1_4' title="bbox 119 225 2466 1288">
     <span class='ocr_line' id='line_1_4' title="bbox 127 225 2461 317; baseline 0.006 -21"><span class='ocrx_word' id='word_1_4' title='bbox 127 225 313 299; x_wconf 87' lang='lat' dir='ltr'>bitas·</span> <span class='ocrx_word' id='word_1_5' title='bbox 338 226 624 315; x_wconf 84' lang='lat' dir='ltr'>fidesque</span> <span class='ocrx_word' id='word_1_6' title='bbox 668 229 1065 317; x_wconf 79' lang='lat' dir='ltr'><strong>abrogentur.</strong></span> <span class='ocrx_word' id='word_1_7' title='bbox 1150 231 1346 300; x_wconf 86' lang='lat' dir='ltr'>immo</span> <span class='ocrx_word' id='word_1_8' title='bbox 1403 231 1640 301; x_wconf 88' lang='lat' dir='ltr'>sicuius</span> <span class='ocrx_word' id='word_1_9' title='bbox 1697 232 1876 301; x_wconf 88' lang='lat' dir='ltr'>uerbi</span> <span class='ocrx_word' id='word_1_10' title='bbox 1931 233 2224 306; x_wconf 88' lang='lat' dir='ltr'>formatio</span> <span class='ocrx_word' id='word_1_11' title='bbox 2280 247 2344 308; x_wconf 89' lang='lat' dir='ltr'>et</span> <span class='ocrx_word' id='word_1_12' title='bbox 2384 263 2461 311; x_wconf 85' lang='lat' dir='ltr'>ex</span> 
     </span>
     <span class='ocr_line' id='line_1_5' title="bbox 127 338 2466 433; baseline 0.006 -29"><span class='ocrx_word' id='word_1_13' title='bbox 127 338 424 423; x_wconf 85' lang='lat' dir='ltr'>analogia</span> <span class='ocrx_word' id='word_1_14' title='bbox 467 338 637 406; x_wconf 84' lang='lat' dir='ltr'>facta</span> <span class='ocrx_word' id='word_1_15' title='bbox 681 345 779 408; x_wconf 89' lang='lat' dir='ltr'>est</span> <span class='ocrx_word' id='word_1_16' title='bbox 823 346 887 407; x_wconf 89' lang='lat' dir='ltr'>et</span> <span class='ocrx_word' id='word_1_17' title='bbox 931 338 1099 408; x_wconf 90' lang='lat' dir='ltr'>illius</span> <span class='ocrx_word' id='word_1_18' title='bbox 1145 339 1375 407; x_wconf 88' lang='lat' dir='ltr'>aetatis</span> <span class='ocrx_word' id='word_1_19' title='bbox 1420 347 1612 423; x_wconf 88' lang='lat' dir='ltr'>atque</span> <span class='ocrx_word' id='word_1_20' title='bbox 1653 340 1943 427; x_wconf 82' lang='lat' dir='ltr'>inprimis</span> <span class='ocrx_word' id='word_1_21' title='bbox 1989 342 2193 428; x_wconf 87' lang='lat' dir='ltr'>ipsius</span> <span class='ocrx_word' id='word_1_22' title='bbox 2239 357 2466 433; x_wconf 86' lang='lat' dir='ltr'>poetae</span> 
     </span>
     <span class='ocr_line' id='line_1_6' title="bbox 126 445 2459 542; baseline 0.005 -29"><span class='ocrx_word' id='word_1_23' title='bbox 126 445 303 513; x_wconf 68' lang='lat' dir='ltr'>mori,</span> <span class='ocrx_word' id='word_1_24' title='bbox 331 447 639 531; x_wconf 80' lang='lat' dir='ltr'>conuenit,</span> <span class='ocrx_word' id='word_1_25' title='bbox 684 454 1003 534; x_wconf 91' lang='lat' dir='ltr'>postremo</span> <span class='ocrx_word' id='word_1_26' title='bbox 1049 447 1107 514; x_wconf 91' lang='lat' dir='ltr'>si</span> <span class='ocrx_word' id='word_1_27' title='bbox 1151 447 1414 514; x_wconf 91' lang='lat' dir='ltr'>uerbum</span> <span class='ocrx_word' id='word_1_28' title='bbox 1457 447 1594 515; x_wconf 90' lang='lat' dir='ltr'>loco</span> <span class='ocrx_word' id='word_1_29' title='bbox 1625 453 1843 533; x_wconf 85' lang='lat' dir='ltr'>aptum</span> <span class='ocrx_word' id='word_1_30' title='bbox 1874 455 1992 534; x_wconf 81' lang='lat' dir='ltr'>est,</span> <span class='ocrx_word' id='word_1_31' title='bbox 2035 471 2163 518; x_wconf 92' lang='lat' dir='ltr'>non</span> <span class='ocrx_word' id='word_1_32' title='bbox 2193 457 2459 542; x_wconf 84' lang='lat' dir='ltr'>amplius</span> 
     </span>
     <span class='ocr_line' id='line_1_7' title="bbox 125 554 2459 642; baseline 0.005 -22"><span class='ocrx_word' id='word_1_33' title='bbox 125 554 514 625; x_wconf 79' lang='lat' dir='ltr'>haerendum</span> <span class='ocrx_word' id='word_1_34' title='bbox 560 554 1058 623; x_wconf 89' lang='lat' dir='ltr'>dubitandumue</span> <span class='ocrx_word' id='word_1_35' title='bbox 1102 561 1203 623; x_wconf 88' lang='lat' dir='ltr'>est</span> <span class='ocrx_word' id='word_1_36' title='bbox 1245 554 1327 622; x_wconf 95' lang='lat' dir='ltr'>de</span> <span class='ocrx_word' id='word_1_37' title='bbox 1374 554 1512 623; x_wconf 92' lang='lat' dir='ltr'>eius</span> <span class='ocrx_word' id='word_1_38' title='bbox 1556 556 1886 642; x_wconf 82' lang='lat' dir='ltr'>probitate.</span> <span class='ocrx_word' id='word_1_39' title='bbox 1954 559 2211 626; x_wconf 90' lang='lat' dir='ltr'>omnino</span> <span class='ocrx_word' id='word_1_40' title='bbox 2255 570 2459 631; x_wconf 84' lang='lat' dir='ltr'>autem</span> 
     </span>
     <span class='ocr_line' id='line_1_8' title="bbox 127 648 2461 754; baseline 0.004 -26"><span class='ocrx_word' id='word_1_41' title='bbox 127 662 326 745; x_wconf 88' lang='lat' dir='ltr'>siquis</span> <span class='ocrx_word' id='word_1_42' title='bbox 360 658 708 749; x_wconf 82' lang='lat' dir='ltr'>‘strophae&#39;</span> <span class='ocrx_word' id='word_1_43' title='bbox 754 662 1018 730; x_wconf 89' lang='lat' dir='ltr'>Horatio</span> <span class='ocrx_word' id='word_1_44' title='bbox 1062 648 1527 730; x_wconf 88' lang='lat' dir='ltr'>abiudicandae</span> <span class='ocrx_word' id='word_1_45' title='bbox 1570 670 2009 747; x_wconf 81' lang='lat' dir='ltr'><strong>argumentum</strong></span> <span class='ocrx_word' id='word_1_46' title='bbox 2039 665 2135 733; x_wconf 89' lang='lat' dir='ltr'>sic</span> <span class='ocrx_word' id='word_1_47' title='bbox 2162 674 2355 754; x_wconf 89' lang='lat' dir='ltr'>petat,</span> <span class='ocrx_word' id='word_1_48' title='bbox 2395 677 2461 738; x_wconf 91' lang='lat' dir='ltr'>ut</span> 
     </span>
     <span class='ocr_line' id='line_1_9' title="bbox 124 766 2459 863; baseline 0.004 -27"><span class='ocrx_word' id='word_1_49' title='bbox 124 771 500 841; x_wconf 88' lang='lat' dir='ltr'>uocabulum</span> <span class='ocrx_word' id='word_1_50' title='bbox 544 766 802 854; x_wconf 87' lang='lat' dir='ltr'>aliquod</span> <span class='ocrx_word' id='word_1_51' title='bbox 845 770 1112 838; x_wconf 86' lang='lat' dir='ltr'>latinum</span> <span class='ocrx_word' id='word_1_52' title='bbox 1157 790 1301 839; x_wconf 90' lang='lat' dir='ltr'>esse</span> <span class='ocrx_word' id='word_1_53' title='bbox 1341 776 1549 855; x_wconf 86' lang='lat' dir='ltr'>neget,</span> <span class='ocrx_word' id='word_1_54' title='bbox 1596 770 1652 838; x_wconf 94' lang='lat' dir='ltr'>is</span> <span class='ocrx_word' id='word_1_55' title='bbox 1682 769 1804 838; x_wconf 87' lang='lat' dir='ltr'>hoc</span> <span class='ocrx_word' id='word_1_56' title='bbox 1823 773 2168 858; x_wconf 77' lang='lat' dir='ltr'>neglegere</span> <span class='ocrx_word' id='word_1_57' title='bbox 2197 775 2459 863; x_wconf 88' lang='lat' dir='ltr'>uidetur,</span> 
     </span>
     <span class='ocr_line' id='line_1_10' title="bbox 123 869 2460 970; baseline 0.004 -28"><span class='ocrx_word' id='word_1_58' title='bbox 123 878 375 945; x_wconf 61' lang='lat' dir='ltr'>Horatii,</span> <span class='ocrx_word' id='word_1_59' title='bbox 416 878 698 946; x_wconf 86' lang='lat' dir='ltr'>carmina</span> <span class='ocrx_word' id='word_1_60' title='bbox 739 869 866 945; x_wconf 80' lang='lat' dir='ltr'>non</span> <span class='ocrx_word' id='word_1_61' title='bbox 910 878 1126 946; x_wconf 90' lang='lat' dir='ltr'>media</span> <span class='ocrx_word' id='word_1_62' title='bbox 1167 885 1379 946; x_wconf 89' lang='lat' dir='ltr'>aetate</span> <span class='ocrx_word' id='word_1_63' title='bbox 1437 900 1479 945; x_wconf 92' lang='lat' dir='ltr'>a</span> <span class='ocrx_word' id='word_1_64' title='bbox 1519 878 1832 965; x_wconf 82' lang='lat' dir='ltr'>barbaris,</span> <span class='ocrx_word' id='word_1_65' title='bbox 1892 879 2009 947; x_wconf 88' lang='lat' dir='ltr'>sed</span> <span class='ocrx_word' id='word_1_66' title='bbox 2050 880 2273 967; x_wconf 88' lang='lat' dir='ltr'>primis</span> <span class='ocrx_word' id='word_1_67' title='bbox 2316 891 2460 970; x_wconf 86' lang='lat' dir='ltr'>post</span> 
     </span>
     <span class='ocr_line' id='line_1_11' title="bbox 124 985 2458 1071; baseline 0.004 -19"><span class='ocrx_word' id='word_1_68' title='bbox 124 985 266 1052; x_wconf 80' lang='lat' dir='ltr'>Chr.</span> <span class='ocrx_word' id='word_1_69' title='bbox 298 1007 360 1053; x_wconf 88' lang='lat' dir='ltr'>n.</span> <span class='ocrx_word' id='word_1_70' title='bbox 407 986 679 1054; x_wconf 87' lang='lat' dir='ltr'>saeculis</span> <span class='ocrx_word' id='word_1_71' title='bbox 725 993 914 1071; x_wconf 89' lang='lat' dir='ltr'>atque</span> <span class='ocrx_word' id='word_1_72' title='bbox 960 985 1274 1070; x_wconf 85' lang='lat' dir='ltr'>quaedam</span> <span class='ocrx_word' id='word_1_73' title='bbox 1319 985 1483 1055; x_wconf 90' lang='lat' dir='ltr'>adeo</span> <span class='ocrx_word' id='word_1_74' title='bbox 1529 994 1675 1055; x_wconf 89' lang='lat' dir='ltr'>ante</span> <span class='ocrx_word' id='word_1_75' title='bbox 1706 985 2159 1065; x_wconf 83' lang='lat' dir='ltr'>Quintilianum</span> <span class='ocrx_word' id='word_1_76' title='bbox 2195 1010 2236 1056; x_wconf 90' lang='lat' dir='ltr'>a</span> <span class='ocrx_word' id='word_1_77' title='bbox 2264 990 2458 1061; x_wconf 87' lang='lat' dir='ltr'>latine</span> 
     </span>
     <span class='ocr_line' id='line_1_12' title="bbox 121 1092 2452 1183; baseline 0.003 -25"><span class='ocrx_word' id='word_1_78' title='bbox 121 1092 523 1176; x_wconf 84' lang='lat' dir='ltr'>loquentibus</span> <span class='ocrx_word' id='word_1_79' title='bbox 566 1093 945 1180; x_wconf 88' lang='lat' dir='ltr'>interpolata</span> <span class='ocrx_word' id='word_1_80' title='bbox 988 1113 1150 1181; x_wconf 87' lang='lat' dir='ltr'>esse,</span> <span class='ocrx_word' id='word_1_81' title='bbox 1202 1115 1323 1165; x_wconf 88' lang='lat' dir='ltr'>nec</span> <span class='ocrx_word' id='word_1_82' title='bbox 1367 1093 1621 1161; x_wconf 92' lang='lat' dir='ltr'>omnino</span> <span class='ocrx_word' id='word_1_83' title='bbox 1665 1094 1884 1163; x_wconf 89' lang='lat' dir='ltr'>talium</span> <span class='ocrx_word' id='word_1_84' title='bbox 1930 1094 2251 1165; x_wconf 89' lang='lat' dir='ltr'>hominum</span> <span class='ocrx_word' id='word_1_85' title='bbox 2291 1118 2452 1183; x_wconf 78' lang='lat' dir='ltr'>esse,</span> 
     </span>
     <span class='ocr_line' id='line_1_13' title="bbox 119 1202 935 1288; baseline 0.001 -22"><span class='ocrx_word' id='word_1_86' title='bbox 119 1219 287 1267; x_wconf 91' lang='lat' dir='ltr'>noua</span> <span class='ocrx_word' id='word_1_87' title='bbox 331 1203 527 1269; x_wconf 88' lang='lat' dir='ltr'>uerba</span> <span class='ocrx_word' id='word_1_88' title='bbox 569 1202 935 1288; x_wconf 87' lang='lat' dir='ltr'>producere.</span> 
     </span>
    </p>

    <p class='ocr_par' dir='ltr' id='par_1_5' title="bbox 118 1308 2464 1932">
     <span class='ocr_line' id='line_1_14' title="bbox 296 1308 2457 1394; baseline 0.003 -20"><span class='ocrx_word' id='word_1_89' title='bbox 296 1309 506 1392; x_wconf 92' lang='lat' dir='ltr'>Atque</span> <span class='ocrx_word' id='word_1_90' title='bbox 550 1309 672 1376; x_wconf 88' lang='lat' dir='ltr'>hac</span> <span class='ocrx_word' id='word_1_91' title='bbox 702 1309 960 1393; x_wconf 89' lang='lat' dir='ltr'>quidem</span> <span class='ocrx_word' id='word_1_92' title='bbox 999 1308 1338 1394; x_wconf 74' lang='lat' dir='ltr'>scriptione</span> <span class='ocrx_word' id='word_1_93' title='bbox 1367 1308 1800 1376; x_wconf 89' lang='lat' dir='ltr'>tantummodo</span> <span class='ocrx_word' id='word_1_94' title='bbox 1831 1328 1911 1375; x_wconf 88' lang='lat' dir='ltr'>ea</span> <span class='ocrx_word' id='word_1_95' title='bbox 1941 1310 2252 1380; x_wconf 82' lang='lat' dir='ltr'>exhibebo</span> <span class='ocrx_word' id='word_1_96' title='bbox 2278 1333 2457 1380; x_wconf 88' lang='lat' dir='ltr'>uoca-</span> 
     </span>
     <span class='ocr_line' id='line_1_15' title="bbox 119 1398 2462 1505; baseline 0.003 -23"><span class='ocrx_word' id='word_1_97' title='bbox 119 1415 294 1501; x_wconf 88' lang='lat' dir='ltr'>bula,</span> <span class='ocrx_word' id='word_1_98' title='bbox 351 1437 516 1500; x_wconf 89' lang='lat' dir='ltr'>quae</span> <span class='ocrx_word' id='word_1_99' title='bbox 570 1417 744 1504; x_wconf 88' lang='lat' dir='ltr'>apud</span> <span class='ocrx_word' id='word_1_100' title='bbox 799 1417 1037 1482; x_wconf 90' lang='lat' dir='ltr'>nullum</span> <span class='ocrx_word' id='word_1_101' title='bbox 1093 1420 1378 1483; x_wconf 89' lang='lat' dir='ltr'>ueterum</span> <span class='ocrx_word' id='word_1_102' title='bbox 1431 1414 1561 1482; x_wconf 92' lang='lat' dir='ltr'>nisi</span> <span class='ocrx_word' id='word_1_103' title='bbox 1613 1414 1788 1500; x_wconf 90' lang='lat' dir='ltr'>apud</span> <span class='ocrx_word' id='word_1_104' title='bbox 1838 1415 2172 1485; x_wconf 84' lang='lat' dir='ltr'>Horatium</span> <span class='ocrx_word' id='word_1_105' title='bbox 2229 1398 2462 1505; x_wconf 71' lang='lat' dir='ltr'>extant,</span> 
     </span>
     <span class='ocr_line' id='line_1_16' title="bbox 120 1522 2463 1609; baseline 0.003 -21"><span class='ocrx_word' id='word_1_106' title='bbox 120 1523 281 1590; x_wconf 89' lang='lat' dir='ltr'>alias</span> <span class='ocrx_word' id='word_1_107' title='bbox 328 1523 599 1593; x_wconf 85' lang='lat' dir='ltr'>fortasse</span> <span class='ocrx_word' id='word_1_108' title='bbox 655 1524 736 1590; x_wconf 94' lang='lat' dir='ltr'>de</span> <span class='ocrx_word' id='word_1_109' title='bbox 790 1522 871 1590; x_wconf 89' lang='lat' dir='ltr'>iis</span> <span class='ocrx_word' id='word_1_110' title='bbox 918 1523 1381 1609; x_wconf 81' lang='lat' dir='ltr'>disputaturus,</span> <span class='ocrx_word' id='word_1_111' title='bbox 1440 1540 1605 1607; x_wconf 90' lang='lat' dir='ltr'>quae</span> <span class='ocrx_word' id='word_1_112' title='bbox 1648 1523 1863 1607; x_wconf 89' lang='lat' dir='ltr'>aliqua</span> <span class='ocrx_word' id='word_1_113' title='bbox 1905 1523 2161 1592; x_wconf 91' lang='lat' dir='ltr'>notione</span> <span class='ocrx_word' id='word_1_114' title='bbox 2225 1527 2463 1594; x_wconf 88' lang='lat' dir='ltr'>iunctu-</span> 
     </span>
     <span class='ocr_line' id='line_1_17' title="bbox 120 1630 2463 1715; baseline 0.003 -18"><span class='ocrx_word' id='word_1_115' title='bbox 120 1652 273 1699; x_wconf 88' lang='lat' dir='ltr'>raue</span> <span class='ocrx_word' id='word_1_116' title='bbox 318 1633 518 1699; x_wconf 90' lang='lat' dir='ltr'>semel</span> <span class='ocrx_word' id='word_1_117' title='bbox 562 1631 979 1714; x_wconf 90' lang='lat' dir='ltr'>inueniuntur,</span> <span class='ocrx_word' id='word_1_118' title='bbox 1027 1650 1291 1715; x_wconf 89' lang='lat' dir='ltr'>quorum</span> <span class='ocrx_word' id='word_1_119' title='bbox 1336 1631 1539 1698; x_wconf 90' lang='lat' dir='ltr'>maior</span> <span class='ocrx_word' id='word_1_120' title='bbox 1568 1630 1758 1698; x_wconf 89' lang='lat' dir='ltr'>etiam</span> <span class='ocrx_word' id='word_1_121' title='bbox 1789 1637 2087 1698; x_wconf 80' lang='lat' dir='ltr'>numerus</span> <span class='ocrx_word' id='word_1_122' title='bbox 2117 1639 2232 1701; x_wconf 89' lang='lat' dir='ltr'>est.</span> <span class='ocrx_word' id='word_1_123' title='bbox 2301 1641 2463 1703; x_wconf 83' lang='lat' dir='ltr'>cete-</span> 
     </span>
     <span class='ocr_line' id='line_1_18' title="bbox 120 1737 2464 1825; baseline 0.002 -21"><span class='ocrx_word' id='word_1_124' title='bbox 120 1760 258 1805; x_wconf 90' lang='lat' dir='ltr'>rum</span> <span class='ocrx_word' id='word_1_125' title='bbox 302 1738 406 1805; x_wconf 89' lang='lat' dir='ltr'>hic</span> <span class='ocrx_word' id='word_1_126' title='bbox 437 1737 629 1806; x_wconf 89' lang='lat' dir='ltr'>etiam</span> <span class='ocrx_word' id='word_1_127' title='bbox 659 1759 738 1806; x_wconf 92' lang='lat' dir='ltr'>ea</span> <span class='ocrx_word' id='word_1_128' title='bbox 767 1758 1234 1806; x_wconf 74' lang='lat' dir='ltr'>conmemorare</span> <span class='ocrx_word' id='word_1_129' title='bbox 1277 1745 1767 1809; x_wconf 81' lang='lat' dir='ltr'>consentaneum</span> <span class='ocrx_word' id='word_1_130' title='bbox 1799 1737 1969 1821; x_wconf 84' lang='lat' dir='ltr'>duxi,</span> <span class='ocrx_word' id='word_1_131' title='bbox 2015 1757 2180 1821; x_wconf 87' lang='lat' dir='ltr'>quae</span> <span class='ocrx_word' id='word_1_132' title='bbox 2209 1749 2464 1825; x_wconf 86' lang='lat' dir='ltr'>praeter</span> 
     </span>
     <span class='ocr_line' id='line_1_19' title="bbox 118 1843 2346 1932; baseline -0.001 -20"><span class='ocrx_word' id='word_1_133' title='bbox 118 1847 450 1913; x_wconf 83' lang='lat' dir='ltr'>Horatium</span> <span class='ocrx_word' id='word_1_134' title='bbox 496 1846 669 1932; x_wconf 90' lang='lat' dir='ltr'>apud</span> <span class='ocrx_word' id='word_1_135' title='bbox 714 1844 913 1913; x_wconf 89' lang='lat' dir='ltr'>infimi</span> <span class='ocrx_word' id='word_1_136' title='bbox 957 1843 1103 1912; x_wconf 91' lang='lat' dir='ltr'>aeui</span> <span class='ocrx_word' id='word_1_137' title='bbox 1147 1844 1485 1931; x_wconf 80' lang='lat' dir='ltr'>scriptores</span> <span class='ocrx_word' id='word_1_138' title='bbox 1531 1844 1728 1912; x_wconf 93' lang='lat' dir='ltr'>semel</span> <span class='ocrx_word' id='word_1_139' title='bbox 1772 1844 1953 1911; x_wconf 84' lang='lat' dir='ltr'>bisne</span> <span class='ocrx_word' id='word_1_140' title='bbox 1999 1849 2346 1913; x_wconf 85' lang='lat' dir='ltr'>occurrunt.</span> 
     </span>
    </p>

    <p class='ocr_par' dir='ltr' id='par_1_6' title="bbox 116 1949 2472 3327">
     <span class='ocr_line' id='line_1_20' title="bbox 295 1949 2460 2039; baseline 0 -20"><span class='ocrx_word' id='word_1_141' title='bbox 295 1953 391 2021; x_wconf 91' lang='lat' dir='ltr'>Ac</span> <span class='ocrx_word' id='word_1_142' title='bbox 443 1953 716 2039; x_wconf 89' lang='lat' dir='ltr'>primum</span> <span class='ocrx_word' id='word_1_143' title='bbox 772 1951 1029 2035; x_wconf 89' lang='lat' dir='ltr'>quidem</span> <span class='ocrx_word' id='word_1_144' title='bbox 1085 1971 1369 2021; x_wconf 90' lang='lat' dir='ltr'>seorsum</span> <span class='ocrx_word' id='word_1_145' title='bbox 1415 1972 1646 2039; x_wconf 92' lang='lat' dir='ltr'>ponam</span> <span class='ocrx_word' id='word_1_146' title='bbox 1692 1972 1799 2035; x_wconf 90' lang='lat' dir='ltr'>ea,</span> <span class='ocrx_word' id='word_1_147' title='bbox 1861 1971 2028 2035; x_wconf 87' lang='lat' dir='ltr'>quae</span> <span class='ocrx_word' id='word_1_148' title='bbox 2069 1951 2150 2017; x_wconf 90' lang='lat' dir='ltr'>ab</span> <span class='ocrx_word' id='word_1_149' title='bbox 2196 1949 2460 2019; x_wconf 85' lang='lat' dir='ltr'>Horatio</span> 
     </span>
     <span class='ocr_line' id='line_1_21' title="bbox 119 2057 2466 2148; baseline -0.001 -20"><span class='ocrx_word' id='word_1_150' title='bbox 119 2062 403 2148; x_wconf 85' lang='lat' dir='ltr'>profecta</span> <span class='ocrx_word' id='word_1_151' title='bbox 448 2081 592 2129; x_wconf 91' lang='lat' dir='ltr'>esse</span> <span class='ocrx_word' id='word_1_152' title='bbox 636 2080 763 2126; x_wconf 91' lang='lat' dir='ltr'>non</span> <span class='ocrx_word' id='word_1_153' title='bbox 806 2065 1090 2146; x_wconf 82' lang='lat' dir='ltr'>possunt,</span> <span class='ocrx_word' id='word_1_154' title='bbox 1137 2060 1255 2127; x_wconf 90' lang='lat' dir='ltr'>sed</span> <span class='ocrx_word' id='word_1_155' title='bbox 1299 2066 1412 2127; x_wconf 89' lang='lat' dir='ltr'>aut</span> <span class='ocrx_word' id='word_1_156' title='bbox 1453 2058 1727 2127; x_wconf 85' lang='lat' dir='ltr'>librariis</span> <span class='ocrx_word' id='word_1_157' title='bbox 1766 2059 1942 2129; x_wconf 90' lang='lat' dir='ltr'>aliud</span> <span class='ocrx_word' id='word_1_158' title='bbox 1971 2057 2305 2143; x_wconf 79' lang='lat' dir='ltr'>agentibus</span> <span class='ocrx_word' id='word_1_159' title='bbox 2350 2065 2466 2127; x_wconf 86' lang='lat' dir='ltr'>aut</span> 
     </span>
     <span class='ocr_line' id='line_1_22' title="bbox 120 2166 2462 2255; baseline -0.002 -19"><span class='ocrx_word' id='word_1_160' title='bbox 120 2169 440 2237; x_wconf 88' lang='lat' dir='ltr'>doctorum</span> <span class='ocrx_word' id='word_1_161' title='bbox 487 2167 811 2238; x_wconf 89' lang='lat' dir='ltr'>hominum</span> <span class='ocrx_word' id='word_1_162' title='bbox 854 2168 1356 2255; x_wconf 88' lang='lat' dir='ltr'>interpretationi</span> <span class='ocrx_word' id='word_1_163' title='bbox 1408 2166 1733 2236; x_wconf 88' lang='lat' dir='ltr'>debentur.</span> <span class='ocrx_word' id='word_1_164' title='bbox 1822 2166 1916 2238; x_wconf 80' lang='lat' dir='ltr'>sic.</span> <span class='ocrx_word' id='word_1_165' title='bbox 1975 2186 2139 2251; x_wconf 88' lang='lat' dir='ltr'>quae</span> <span class='ocrx_word' id='word_1_166' title='bbox 2193 2182 2380 2235; x_wconf 86' lang='lat' dir='ltr'>serm.</span> <span class='ocrx_word' id='word_1_167' title='bbox 2410 2166 2462 2251; x_wconf 82' lang='grc' dir='ltr'>Ι,</span> 
     </span>
     <span class='ocr_line' id='line_1_23' title="bbox 121 2272 2461 2363; baseline -0 -20"><span class='ocrx_word' id='word_1_168' title='bbox 121 2279 189 2362; x_wconf 88' lang='grc'>6,</span> <span class='ocrx_word' id='word_1_169' title='bbox 239 2278 365 2344; x_wconf 81' lang='grc'>122</span> <span class='ocrx_word' id='word_1_170' title='bbox 421 2276 738 2361; x_wconf 82' lang='lat' dir='ltr'>leguntur,</span> <span class='ocrx_word' id='word_1_171' title='bbox 782 2272 955 2363; x_wconf 80' lang='lat' dir='ltr'>‘post</span> <span class='ocrx_word' id='word_1_172' title='bbox 1008 2275 1175 2343; x_wconf 89' lang='lat' dir='ltr'>hanc</span> <span class='ocrx_word' id='word_1_173' title='bbox 1228 2297 1429 2361; x_wconf 83' lang='lat' dir='ltr'>nagor</span> <span class='ocrx_word' id='word_1_174' title='bbox 1484 2282 1596 2343; x_wconf 89' lang='lat' dir='ltr'>aut</span> <span class='ocrx_word' id='word_1_175' title='bbox 1647 2296 1766 2359; x_wconf 88' lang='lat' dir='ltr'>ego</span> <span class='ocrx_word' id='word_1_176' title='bbox 1824 2272 1999 2342; x_wconf 81' lang='lat' dir='ltr'>lecto</span> <span class='ocrx_word' id='word_1_177' title='bbox 2046 2274 2461 2359; x_wconf 70' lang='lat' dir='ltr'>aut&#39;script‘o</span> 
     </span>
     <span class='ocr_line' id='line_1_24' title="bbox 119 2376 2464 2470; baseline -0.001 -19"><span class='ocrx_word' id='word_1_178' title='bbox 119 2384 288 2467; x_wconf 92' lang='lat' dir='ltr'>quod</span> <span class='ocrx_word' id='word_1_179' title='bbox 332 2405 436 2451; x_wconf 89' lang='lat' dir='ltr'>me</span> <span class='ocrx_word' id='word_1_180' title='bbox 479 2384 738 2452; x_wconf 88' lang='lat' dir='ltr'>tacitum</span> <span class='ocrx_word' id='word_1_181' title='bbox 783 2381 1002 2468; x_wconf 85' lang='lat' dir='ltr'>iuuet&#39;,</span> <span class='ocrx_word' id='word_1_182' title='bbox 1047 2384 1328 2470; x_wconf 88' lang='lat' dir='ltr'>pessime</span> <span class='ocrx_word' id='word_1_183' title='bbox 1372 2382 1523 2449; x_wconf 92' lang='lat' dir='ltr'>olim</span> <span class='ocrx_word' id='word_1_184' title='bbox 1563 2403 1605 2449; x_wconf 89' lang='lat' dir='ltr'>a</span> <span class='ocrx_word' id='word_1_185' title='bbox 1633 2381 1847 2448; x_wconf 91' lang='lat' dir='ltr'>multis</span> <span class='ocrx_word' id='word_1_186' title='bbox 1876 2380 2265 2467; x_wconf 86' lang='lat' dir='ltr'>pronominis</span> <span class='ocrx_word' id='word_1_187' title='bbox 2283 2376 2464 2466; x_wconf 78' lang='lat' dir='ltr'>‘ego&#39;</span> 
     </span>
     <span class='ocr_line' id='line_1_25' title="bbox 120 2487 2472 2577; baseline -0.002 -19"><span class='ocrx_word' id='word_1_188' title='bbox 120 2491 549 2559; x_wconf 86' lang='lat' dir='ltr'>conlocatione</span> <span class='ocrx_word' id='word_1_189' title='bbox 605 2491 889 2577; x_wconf 87' lang='lat' dir='ltr'>deceptis</span> <span class='ocrx_word' id='word_1_190' title='bbox 947 2491 1265 2576; x_wconf 85' lang='lat' dir='ltr'>explicata</span> <span class='ocrx_word' id='word_1_191' title='bbox 1323 2496 1469 2556; x_wconf 89' lang='lat' dir='ltr'>sunt</span> <span class='ocrx_word' id='word_1_192' title='bbox 1536 2490 1627 2555; x_wconf 90' lang='lat' dir='ltr'>ita</span> <span class='ocrx_word' id='word_1_193' title='bbox 1683 2495 1751 2555; x_wconf 92' lang='lat' dir='ltr'>ut</span> <span class='ocrx_word' id='word_1_194' title='bbox 1803 2489 1884 2556; x_wconf 90' lang='lat' dir='ltr'>ab</span> <span class='ocrx_word' id='word_1_195' title='bbox 1942 2487 2202 2572; x_wconf 84' lang='lat' dir='ltr'>Cruquii</span> <span class='ocrx_word' id='word_1_196' title='bbox 2264 2488 2472 2556; x_wconf 69' lang='lat' dir='ltr'>schol:</span> 
     </span>
     <span class='ocr_line' id='line_1_26' title="bbox 116 2590 2466 2684; baseline 0 -20"><span class='ocrx_word' id='word_1_197' title='bbox 116 2595 323 2684; x_wconf 80' lang='lat' dir='ltr'>‘lect0‚</span> <span class='ocrx_word' id='word_1_198' title='bbox 367 2598 608 2682; x_wconf 83' lang='lat' dir='ltr'>lectit03</span> <span class='ocrx_word' id='word_1_199' title='bbox 657 2598 920 2683; x_wconf 89' lang='lat' dir='ltr'>script0,</span> <span class='ocrx_word' id='word_1_200' title='bbox 974 2593 1285 2683; x_wconf 82' lang='lat' dir='ltr'>scriptito’</span> <span class='ocrx_word' id='word_1_201' title='bbox 1329 2604 1395 2663; x_wconf 94' lang='lat' dir='ltr'>et</span> <span class='ocrx_word' id='word_1_202' title='bbox 1436 2596 1868 2683; x_wconf 80' lang='lat' dir='ltr'>Porphyrione</span> <span class='ocrx_word' id='word_1_203' title='bbox 1911 2590 2098 2661; x_wconf 88' lang='lat' dir='ltr'>‘lecto</span> <span class='ocrx_word' id='word_1_204' title='bbox 2149 2595 2466 2682; x_wconf 83' lang='lat' dir='ltr'>producta</span> 
     </span>
     <span class='ocr_line' id='line_1_27' title="bbox 119 2702 2461 2793; baseline -0.002 -21"><span class='ocrx_word' id='word_1_205' title='bbox 119 2707 328 2793; x_wconf 86' lang='lat' dir='ltr'>priore</span> <span class='ocrx_word' id='word_1_206' title='bbox 338 2702 405 2790; x_wconf 71' lang='lat'>²¹²)</span> <span class='ocrx_word' id='word_1_207' title='bbox 448 2706 695 2791; x_wconf 84' lang='lat' dir='ltr'>syllaba</span> <span class='ocrx_word' id='word_1_208' title='bbox 739 2704 1066 2771; x_wconf 90' lang='lat' dir='ltr'>enuntiare</span> <span class='ocrx_word' id='word_1_209' title='bbox 1110 2704 1434 2788; x_wconf 86' lang='lat' dir='ltr'>debemus,</span> <span class='ocrx_word' id='word_1_210' title='bbox 1480 2704 1632 2787; x_wconf 91' lang='lat' dir='ltr'>quia</span> <span class='ocrx_word' id='word_1_211' title='bbox 1660 2702 2190 2786; x_wconf 85' lang='lat' dir='ltr'>frequentatiuum</span> <span class='ocrx_word' id='word_1_212' title='bbox 2235 2708 2333 2770; x_wconf 88' lang='lat' dir='ltr'>est</span> <span class='ocrx_word' id='word_1_213' title='bbox 2374 2704 2461 2769; x_wconf 89' lang='lat' dir='ltr'>ab</span> 
     </span>
     <span class='ocr_line' id='line_1_28' title="bbox 120 2805 2470 2896; baseline -0.002 -17"><span class='ocrx_word' id='word_1_214' title='bbox 120 2834 195 2880; x_wconf 94' lang='lat' dir='ltr'>eo</span> <span class='ocrx_word' id='word_1_215' title='bbox 242 2812 411 2896; x_wconf 91' lang='lat' dir='ltr'>quod</span> <span class='ocrx_word' id='word_1_216' title='bbox 457 2819 556 2879; x_wconf 91' lang='lat' dir='ltr'>est</span> <span class='ocrx_word' id='word_1_217' title='bbox 597 2809 781 2896; x_wconf 73' lang='lat' dir='ltr'>lego?</span> <span class='ocrx_word' id='word_1_218' title='bbox 852 2807 1137 2879; x_wconf 83' lang='lat' dir='ltr'>‘lectare’</span> <span class='ocrx_word' id='word_1_219' title='bbox 1185 2818 1397 2878; x_wconf 91' lang='lat' dir='ltr'>autem</span> <span class='ocrx_word' id='word_1_220' title='bbox 1444 2818 1507 2877; x_wconf 92' lang='lat' dir='ltr'>et</span> <span class='ocrx_word' id='word_1_221' title='bbox 1540 2805 1900 2896; x_wconf 83' lang='lat' dir='ltr'>‘scriptare&#39;</span> <span class='ocrx_word' id='word_1_222' title='bbox 1936 2817 2070 2875; x_wconf 82' lang='lat' dir='ltr'>&#39;non</span> <span class='ocrx_word' id='word_1_223' title='bbox 2109 2809 2319 2895; x_wconf 83' lang='lat' dir='ltr'>magis</span> <span class='ocrx_word' id='word_1_224' title='bbox 2347 2808 2470 2876; x_wconf 80' lang='lat' dir='ltr'>ali—</span> 
     </span>
     <span class='ocr_line' id='line_1_29' title="bbox 120 2910 2461 3004; baseline -0.003 -17"><span class='ocrx_word' id='word_1_225' title='bbox 120 2920 265 2987; x_wconf 88' lang='lat' dir='ltr'>eubi</span> <span class='ocrx_word' id='word_1_226' title='bbox 298 2919 718 3004; x_wconf 88' lang='lat' dir='ltr'>inueniuntur,</span> <span class='ocrx_word' id='word_1_227' title='bbox 764 2940 955 3003; x_wconf 89' lang='lat' dir='ltr'>quam</span> <span class='ocrx_word' id='word_1_228' title='bbox 974 2913 1283 3004; x_wconf 85' lang='lat' dir='ltr'>‘nictare&#39;,</span> <span class='ocrx_word' id='word_1_229' title='bbox 1344 2938 1726 3002; x_wconf 88' lang='lat' dir='ltr'>quamquam</span> <span class='ocrx_word' id='word_1_230' title='bbox 1755 2910 2025 2984; x_wconf 82' lang='lat' dir='ltr'>‘dicere&#39;</span> <span class='ocrx_word' id='word_1_231' title='bbox 2069 2924 2134 2985; x_wconf 92' lang='lat' dir='ltr'>et</span> <span class='ocrx_word' id='word_1_232' title='bbox 2164 2912 2461 2986; x_wconf 80' lang='lat' dir='ltr'>‘dictare&#39;</span> 
     </span>
     <span class='ocr_line' id='line_1_30' title="bbox 120 3023 2468 3110; baseline -0.002 -16"><span class='ocrx_word' id='word_1_233' title='bbox 120 3035 184 3095; x_wconf 92' lang='lat' dir='ltr'>et</span> <span class='ocrx_word' id='word_1_234' title='bbox 217 3023 561 3093; x_wconf 78' lang='lat' dir='ltr'>‘dictitare&#39;</span> <span class='ocrx_word' id='word_1_235' title='bbox 606 3030 923 3095; x_wconf 86' lang='lat' dir='ltr'>exta-bant.</span> <span class='ocrx_word' id='word_1_236' title='bbox 992 3026 1166 3110; x_wconf 88' lang='lat' dir='ltr'>atqui</span> <span class='ocrx_word' id='word_1_237' title='bbox 1200 3047 1284 3094; x_wconf 93' lang='lat' dir='ltr'>ne</span> <span class='ocrx_word' id='word_1_238' title='bbox 1327 3026 1394 3091; x_wconf 90' lang='lat' dir='ltr'>in</span> <span class='ocrx_word' id='word_1_239' title='bbox 1431 3025 1537 3092; x_wconf 90' lang='lat' dir='ltr'>illo</span> <span class='ocrx_word' id='word_1_240' title='bbox 1569 3025 1824 3109; x_wconf 91' lang='lat' dir='ltr'>quidem</span> <span class='ocrx_word' id='word_1_241' title='bbox 1856 3023 2103 3091; x_wconf 87' lang='lat' dir='ltr'>Horatii</span> <span class='ocrx_word' id='word_1_242' title='bbox 2135 3042 2320 3091; x_wconf 91' lang='lat' dir='ltr'>uersu</span> <span class='ocrx_word' id='word_1_243' title='bbox 2353 3043 2468 3090; x_wconf 87' lang='lat' dir='ltr'>ex-</span> 
     </span>
     <span class='ocr_line' id='line_1_31' title="bbox 118 3130 2465 3220; baseline -0.002 -19"><span class='ocrx_word' id='word_1_244' title='bbox 118 3142 273 3220; x_wconf 84' lang='lat' dir='ltr'>tant,</span> <span class='ocrx_word' id='word_1_245' title='bbox 318 3135 509 3200; x_wconf 90' lang='lat' dir='ltr'>immo</span> <span class='ocrx_word' id='word_1_246' title='bbox 555 3135 906 3203; x_wconf 89' lang='lat' dir='ltr'>rectissime</span> <span class='ocrx_word' id='word_1_247' title='bbox 951 3156 992 3202; x_wconf 87' lang='lat' dir='ltr'>a</span> <span class='ocrx_word' id='word_1_248' title='bbox 1029 3135 1316 3204; x_wconf 89' lang='lat' dir='ltr'>Bentleio</span> <span class='ocrx_word' id='word_1_249' title='bbox 1361 3140 1507 3219; x_wconf 92' lang='lat' dir='ltr'>post</span> <span class='ocrx_word' id='word_1_250' title='bbox 1549 3133 1607 3199; x_wconf 88' lang='lat' dir='ltr'>J.</span> <span class='ocrx_word' id='word_1_251' title='bbox 1636 3133 1922 3200; x_wconf 89' lang='lat' dir='ltr'>Dousam</span> <span class='ocrx_word' id='word_1_252' title='bbox 1967 3139 2032 3199; x_wconf 90' lang='lat' dir='ltr'>et</span> <span class='ocrx_word' id='word_1_253' title='bbox 2059 3130 2465 3198; x_wconf 85' lang='lat' dir='ltr'>Torrentium</span> 
     </span>
     <span class='ocr_line' id='line_1_32' title="bbox 121 3239 2396 3327; baseline -0.001 -21"><span class='ocrx_word' id='word_1_254' title='bbox 121 3241 291 3309; x_wconf 80' lang='lat' dir='ltr'>lecto</span> <span class='ocrx_word' id='word_1_255' title='bbox 341 3248 405 3309; x_wconf 87' lang='lat' dir='ltr'>et</span> <span class='ocrx_word' id='word_1_256' title='bbox 448 3242 705 3326; x_wconf 74' lang='lat' dir='ltr'>scripto</span> <span class='ocrx_word' id='word_1_257' title='bbox 753 3241 1063 3312; x_wconf 88' lang='lat' dir='ltr'>ablatiuos</span> <span class='ocrx_word' id='word_1_258' title='bbox 1109 3263 1254 3310; x_wconf 90' lang='lat' dir='ltr'>esse</span> <span class='ocrx_word' id='word_1_259' title='bbox 1299 3239 1773 3327; x_wconf 86' lang='lat' dir='ltr'>participiorum</span> <span class='ocrx_word' id='word_1_260' title='bbox 1807 3241 2396 3310; x_wconf 82' lang='lat' dir='ltr'>&#39;demonstratumst.</span> 
     </span>
    </p>
   </div>
   <div class='ocr_carea' id='block_1_5' title="bbox 296 3346 2592 3433">
    <p class='ocr_par' dir='ltr' id='par_1_7' title="bbox 296 3346 2592 3433">
     <span class='ocr_line' id='line_1_33' title="bbox 296 3346 2592 3433; baseline -0 -19"><span class='ocrx_word' id='word_1_261' title='bbox 296 3349 489 3415; x_wconf 86' lang='lat' dir='ltr'>Idem·</span> <span class='ocrx_word' id='word_1_262' title='bbox 531 3348 855 3415; x_wconf 88' lang='lat' dir='ltr'>Bentleius</span> <span class='ocrx_word' id='word_1_263' title='bbox 912 3350 1242 3416; x_wconf 89' lang='lat' dir='ltr'>Horatium</span> <span class='ocrx_word' id='word_1_264' title='bbox 1298 3347 1430 3414; x_wconf 91' lang='lat' dir='ltr'>alia</span> <span class='ocrx_word' id='word_1_265' title='bbox 1483 3349 1563 3413; x_wconf 87' lang='lat' dir='ltr'>ab</span> <span class='ocrx_word' id='word_1_266' title='bbox 1624 3348 1812 3415; x_wconf 85' lang='lat' dir='ltr'>sorde</span> <span class='ocrx_word' id='word_1_267' title='bbox 1865 3346 2163 3433; x_wconf 83' lang='lat' dir='ltr'>purgauit</span> <span class='ocrx_word' id='word_1_268' title='bbox 2213 3356 2465 3433; x_wconf 79' lang='lat' dir='ltr'>partu-</span> <span class='ocrx_word' id='word_1_269' title='bbox 2585 3351 2592 3360; x_wconf 86' lang='lat'>&#39;</span> 
     </span>
    </p>
   </div>
   <div class='ocr_carea' id='block_1_6' title="bbox 119 3451 2466 3863">
    <p class='ocr_par' dir='ltr' id='par_1_8' title="bbox 119 3451 2466 3863">
     <span class='ocr_line' id='line_1_34' title="bbox 119 3451 2466 3554; baseline -0.002 -32"><span class='ocrx_word' id='word_1_270' title='bbox 119 3458 327 3554; x_wconf 60' lang='lat' dir='ltr'>meins</span> <span class='ocrx_word' id='word_1_271' title='bbox 374 3456 558 3540; x_wconf 86' lang='lat' dir='ltr'>epod.</span> <span class='ocrx_word' id='word_1_272' title='bbox 595 3457 694 3540; x_wconf 86' lang='lat'>17,</span> <span class='ocrx_word' id='word_1_273' title='bbox 725 3456 830 3540; x_wconf 85' lang='lat'>50,</span> <span class='ocrx_word' id='word_1_274' title='bbox 877 3456 1046 3539; x_wconf 89' lang='lat' dir='ltr'>quod</span> <span class='ocrx_word' id='word_1_275' title='bbox 1090 3457 1353 3525; x_wconf 89' lang='lat' dir='ltr'>uerbum</span> <span class='ocrx_word' id='word_1_276' title='bbox 1392 3462 1455 3523; x_wconf 85' lang='lat' dir='ltr'>et</span> <span class='ocrx_word' id='word_1_277' title='bbox 1484 3455 1863 3523; x_wconf 87' lang='lat' dir='ltr'>scholiastae</span> <span class='ocrx_word' id='word_1_278' title='bbox 1904 3460 1967 3521; x_wconf 90' lang='lat' dir='ltr'>et</span> <span class='ocrx_word' id='word_1_279' title='bbox 2010 3452 2265 3522; x_wconf 88' lang='lat' dir='ltr'>codices</span> <span class='ocrx_word' id='word_1_280' title='bbox 2310 3451 2466 3520; x_wconf 83' lang='lat' dir='ltr'>boni</span> 
     </span>
     <span class='ocr_line' id='line_1_35' title="bbox 122 3556 2465 3648; baseline -0.003 -18"><span class='ocrx_word' id='word_1_281' title='bbox 122 3582 339 3630; x_wconf 90' lang='lat' dir='ltr'>omnes</span> <span class='ocrx_word' id='word_1_282' title='bbox 385 3562 703 3648; x_wconf 85' lang='lat' dir='ltr'>ignorant,</span> <span class='ocrx_word' id='word_1_283' title='bbox 760 3562 992 3629; x_wconf 91' lang='lat' dir='ltr'>deinde</span> <span class='ocrx_word' id='word_1_284' title='bbox 1036 3584 1163 3629; x_wconf 93' lang='lat' dir='ltr'>non</span> <span class='ocrx_word' id='word_1_285' title='bbox 1207 3584 1288 3630; x_wconf 84' lang='lat' dir='ltr'>ex</span> <span class='ocrx_word' id='word_1_286' title='bbox 1334 3562 1636 3648; x_wconf 79' lang='lat' dir='ltr'>analogia</span> <span class='ocrx_word' id='word_1_287' title='bbox 1675 3563 2011 3629; x_wconf 89' lang='lat' dir='ltr'>formatum</span> <span class='ocrx_word' id='word_1_288' title='bbox 2057 3568 2155 3628; x_wconf 90' lang='lat' dir='ltr'>est</span> <span class='ocrx_word' id='word_1_289' title='bbox 2211 3556 2465 3643; x_wconf 90' lang='lat' dir='ltr'>(uolunt</span> 
     </span>
     <span class='ocr_line' id='line_1_36' title="bbox 122 3660 2464 3755; baseline -0.004 -16"><span class='ocrx_word' id='word_1_290' title='bbox 122 3671 291 3739; x_wconf 91' lang='lat' dir='ltr'>enim</span> <span class='ocrx_word' id='word_1_291' title='bbox 320 3668 657 3737; x_wconf 88' lang='lat' dir='ltr'>conflatum</span> <span class='ocrx_word' id='word_1_292' title='bbox 689 3691 833 3738; x_wconf 91' lang='lat' dir='ltr'>esse</span> <span class='ocrx_word' id='word_1_293' title='bbox 863 3660 945 3737; x_wconf 83' lang='lat' dir='ltr'>ex</span> <span class='ocrx_word' id='word_1_294' title='bbox 962 3664 1201 3755; x_wconf 79' lang='lat' dir='ltr'>‘partu&#39;</span> <span class='ocrx_word' id='word_1_295' title='bbox 1231 3677 1295 3737; x_wconf 91' lang='lat' dir='ltr'>et</span> <span class='ocrx_word' id='word_1_296' title='bbox 1310 3665 1617 3753; x_wconf 80' lang='lat' dir='ltr'>‘meiere&#39;,</span> <span class='ocrx_word' id='word_1_297' title='bbox 1647 3675 1717 3736; x_wconf 90' lang='lat' dir='ltr'>ut</span> <span class='ocrx_word' id='word_1_298' title='bbox 1745 3669 2019 3736; x_wconf 89' lang='lat' dir='ltr'>Turneb.</span> <span class='ocrx_word' id='word_1_299' title='bbox 2047 3666 2209 3742; x_wconf 88' lang='lat' dir='ltr'>Adu.</span> <span class='ocrx_word' id='word_1_300' title='bbox 2233 3666 2340 3751; x_wconf 84' lang='lat'>30,</span> <span class='ocrx_word' id='word_1_301' title='bbox 2366 3662 2464 3751; x_wconf 82' lang='lat'>2),</span> 
     </span>
     <span class='ocr_line' id='line_1_37' title="bbox 120 3773 2466 3863; baseline -0.001 -20"><span class='ocrx_word' id='word_1_302' title='bbox 120 3799 240 3845; x_wconf 90' lang='lat' dir='ltr'>nec</span> <span class='ocrx_word' id='word_1_303' title='bbox 283 3783 504 3863; x_wconf 89' lang='lat' dir='ltr'>aptum</span> <span class='ocrx_word' id='word_1_304' title='bbox 549 3785 648 3843; x_wconf 93' lang='lat' dir='ltr'>est</span> <span class='ocrx_word' id='word_1_305' title='bbox 690 3777 839 3844; x_wconf 88' lang='lat' dir='ltr'>huic</span> <span class='ocrx_word' id='word_1_306' title='bbox 879 3777 1035 3863; x_wconf 91' lang='lat' dir='ltr'>loco,</span> <span class='ocrx_word' id='word_1_307' title='bbox 1081 3785 1151 3844; x_wconf 92' lang='lat' dir='ltr'>ut</span> <span class='ocrx_word' id='word_1_308' title='bbox 1191 3777 1518 3863; x_wconf 85' lang='lat' dir='ltr'>praeclare</span> <span class='ocrx_word' id='word_1_309' title='bbox 1550 3774 1873 3843; x_wconf 88' lang='lat' dir='ltr'>Bentleius</span> <span class='ocrx_word' id='word_1_310' title='bbox 1918 3773 2226 3862; x_wconf 83' lang='lat' dir='ltr'>exposuit.</span> <span class='ocrx_word' id='word_1_311' title='bbox 2293 3775 2466 3841; x_wconf 82' lang='lat' dir='ltr'>bene</span> 
     </span>
    </p>
   </div>
   <div class='ocr_carea' id='block_1_7' title="bbox 121 3900 544 3913">
    <p class='ocr_par' dir='ltr' id='par_1_9' title="bbox 121 3900 544 3913">
     <span class='ocr_line' id='line_1_38' title="bbox 121 3900 544 3913; baseline 0 491"><span class='ocrx_word' id='word_1_312' title='bbox 121 3900 544 3913; x_wconf 95' lang='lat' dir='ltr'> </span> 
     </span>
    </p>
   </div>
   <div class='ocr_carea' id='block_1_8' title="bbox 124 3949 2468 4287">
    <p class='ocr_par' dir='ltr' id='par_1_10' title="bbox 124 3949 2468 4287">
     <span class='ocr_line' id='line_1_39' title="bbox 263 3949 2468 4027; baseline 0 -22"><span class='ocrx_word' id='word_1_313' title='bbox 263 3952 316 4021; x_wconf 66' lang='lat'>³¹³)</span> <span class='ocrx_word' id='word_1_314' title='bbox 352 3951 452 4005; x_wconf 85' lang='lat' dir='ltr'>Vbi</span> <span class='ocrx_word' id='word_1_315' title='bbox 487 3950 705 4021; x_wconf 82' lang='lat' dir='ltr'>Paulyus</span> <span class='ocrx_word' id='word_1_316' title='bbox 744 3955 1005 4022; x_wconf 81' lang='lat' dir='ltr'>quominus</span> <span class='ocrx_word' id='word_1_317' title='bbox 1040 3954 1223 4027; x_wconf 80' lang='lat' dir='ltr'>egregie</span> <span class='ocrx_word' id='word_1_318' title='bbox 1260 3951 1503 4007; x_wconf 66' lang='lat' dir='ltr'>falleretur</span> <span class='ocrx_word' id='word_1_319' title='bbox 1538 3950 1807 4019; x_wconf 81' lang='lat' dir='ltr'>(adnotauit</span> <span class='ocrx_word' id='word_1_320' title='bbox 1842 3953 1991 4005; x_wconf 83' lang='lat' dir='ltr'>enim:</span> <span class='ocrx_word' id='word_1_321' title='bbox 2031 3949 2167 4022; x_wconf 81' lang='lat' dir='ltr'>‘post</span> <span class='ocrx_word' id='word_1_322' title='bbox 2206 3951 2468 4024; x_wconf 74' lang='lat' dir='ltr'>producta</span> 
     </span>
     <span class='ocr_line' id='line_1_40' title="bbox 124 4039 2465 4113; baseline 0 -20"><span class='ocrx_word' id='word_1_323' title='bbox 124 4039 276 4093; x_wconf 81' lang='lat' dir='ltr'>codex</span> <span class='ocrx_word' id='word_1_324' title='bbox 312 4040 444 4094; x_wconf 83' lang='lat' dir='ltr'>addit</span> <span class='ocrx_word' id='word_1_325' title='bbox 469 4045 674 4110; x_wconf 73' lang='lat' dir='ltr'>priore,</span> <span class='ocrx_word' id='word_1_326' title='bbox 710 4041 762 4093; x_wconf 88' lang='lat' dir='ltr'>in</span> <span class='ocrx_word' id='word_1_327' title='bbox 797 4059 896 4111; x_wconf 90' lang='lat' dir='ltr'>quo</span> <span class='ocrx_word' id='word_1_328' title='bbox 931 4043 1090 4097; x_wconf 82' lang='lat' dir='ltr'>neseio</span> <span class='ocrx_word' id='word_1_329' title='bbox 1127 4059 1189 4096; x_wconf 82' lang='lat' dir='ltr'>an</span> <span class='ocrx_word' id='word_1_330' title='bbox 1219 4046 1503 4113; x_wconf 70' lang='lat' dir='ltr'>posteriore</span> <span class='ocrx_word' id='word_1_331' title='bbox 1536 4039 1769 4104; x_wconf 80' lang='lat' dir='ltr'>latescat’,</span> <span class='ocrx_word' id='word_1_332' title='bbox 1816 4048 1963 4110; x_wconf 80' lang='lat' dir='ltr'>atque</span> <span class='ocrx_word' id='word_1_333' title='bbox 1998 4040 2117 4094; x_wconf 83' lang='lat' dir='ltr'>adeo</span> <span class='ocrx_word' id='word_1_334' title='bbox 2148 4048 2327 4112; x_wconf 69' lang='lat' dir='ltr'>priore</span> <span class='ocrx_word' id='word_1_335' title='bbox 2364 4056 2465 4094; x_wconf 86' lang='lat' dir='ltr'>uo·-</span> 
     </span>
     <span class='ocr_line' id='line_1_41' title="bbox 124 4127 2464 4200; baseline -0 -19"><span class='ocrx_word' id='word_1_336' title='bbox 124 4127 345 4182; x_wconf 82' lang='lat' dir='ltr'>cahulum</span> <span class='ocrx_word' id='word_1_337' title='bbox 393 4127 530 4197; x_wconf 81' lang='lat' dir='ltr'>plane</span> <span class='ocrx_word' id='word_1_338' title='bbox 574 4129 738 4181; x_wconf 81' lang='lat' dir='ltr'>omisit</span> <span class='ocrx_word' id='word_1_339' title='bbox 784 4130 831 4184; x_wconf 86' lang='lat' dir='ltr'>in</span> <span class='ocrx_word' id='word_1_340' title='bbox 875 4140 1104 4187; x_wconf 78' lang='lat' dir='ltr'>contextu</span> <span class='ocrx_word' id='word_1_341' title='bbox 1151 4128 1324 4197; x_wconf 78' lang='lat' dir='ltr'>schol.)</span> <span class='ocrx_word' id='word_1_342' title='bbox 1370 4130 1550 4184; x_wconf 74' lang='lat' dir='ltr'>euitare</span> <span class='ocrx_word' id='word_1_343' title='bbox 1597 4136 1785 4200; x_wconf 77' lang='lat' dir='ltr'>poterat</span> <span class='ocrx_word' id='word_1_344' title='bbox 1828 4127 1950 4184; x_wconf 83' lang='lat' dir='ltr'>lecto</span> <span class='ocrx_word' id='word_1_345' title='bbox 1986 4128 2276 4184; x_wconf 82' lang='lat' dir='ltr'>Lachmanni</span> <span class='ocrx_word' id='word_1_346' title='bbox 2317 4143 2464 4181; x_wconf 49' lang='lat' dir='ltr'>¹com-</span> 
     </span>
     <span class='ocr_line' id='line_1_42' title="bbox 124 4216 910 4287; baseline 0.006 -19"><span class='ocrx_word' id='word_1_347' title='bbox 124 4218 355 4270; x_wconf 81' lang='lat' dir='ltr'>mentario</span> <span class='ocrx_word' id='word_1_348' title='bbox 391 4216 674 4271; x_wconf 83' lang='lat' dir='ltr'>Lucretiano</span> <span class='ocrx_word' id='word_1_349' title='bbox 710 4219 779 4287; x_wconf 90' lang='lat' dir='ltr'>(p.</span> <span class='ocrx_word' id='word_1_350' title='bbox 803 4216 910 4286; x_wconf 83' lang='lat'>55).</span> 
     </span>
    </p>
   </div>
   <div class='ocr_carea' id='block_1_9' title="bbox 2611 274 2617 2666">
    <p class='ocr_par' dir='ltr' id='par_1_11' title="bbox 2611 274 2617 2666">
     <span class='ocr_line' id='line_1_43' title="bbox 2611 274 2617 2666; baseline 0 0"><span class='ocrx_word' id='word_1_351' title='bbox 2611 274 2617 2666; x_wconf 95' lang='lat' dir='ltr'> </span> 
     </span>
    </p>
   </div>
  </div>
 </body>
</html>
