2638 4404
1267 46 1354 113 32

136 221 321 289 aenei
375 221 635 308 propria
688 230 836 290 sunt
890 219 1065 307 (nam
1123 244 1203 291 ex
1248 224 1523 310 propriis
1565 232 1722 311 apta
1776 224 1847 291 fit
1899 224 2268 312 conparatio
2275 276 2293 310 ,
2347 246 2471 295 non

136 348 218 396 ex
262 327 757 415 communibus);
803 350 967 414 quae
1010 330 1210 398 haece
1240 337 1414 398 sunt:
1457 353 1675 401 murus
1705 350 1944 401 aeneus
1972 353 2080 401 res
2112 332 2476 403 firmissima

136 441 262 522 est,
316 456 483 520 quae
525 457 671 504 cum
711 458 832 506 nec
873 438 1088 525 prorui
1131 458 1249 505 nec
1303 438 1613 525 perfringi
1671 440 1908 525 possit,
1968 445 2136 508 tutos
2191 447 2478 527 praestat
2524 480 2540 499 ·

135 562 265 627 eos,
310 543 420 627 qui
464 565 544 611 ea
587 544 1071 613 circumdantur.
1138 546 1331 631 igitur
1359 547 1562 615 bonae
1606 547 2030 617 conscientiae
2076 568 2221 617 esse
2265 549 2478 636 culpa-

135 668 258 733 que
302 672 517 720 carere
559 673 664 720 res
710 651 938 720 dicitur
989 648 1383 738 firmissima,
1439 675 1606 739 quae
1660 659 1828 723 tutos
1881 662 2167 741 praestat
2211 674 2320 723 eos
2366 655 2478 740 qui

134 778 213 827 ea
257 758 740 827 circumdantur.
813 781 964 846 ergo
1010 762 1200 848 plane
1247 761 1477 829 eadem
1519 762 1834 831 sententia
1878 768 1994 848 est,
2041 782 2232 846 quam
2277 763 2477 831 Hora-
2589 826 2590 845 ,

134 865 261 933 tius
306 887 358 933 e.
389 866 449 952 I,
482 868 567 932 22
613 867 928 953 profatur:
968 867 1245 954 ‘integer
1287 869 1461 938 uitae
1504 871 1889 955 scelerisque
1931 868 2155 957 purus'
2199 877 2268 939 et
2309 891 2372 954 q.
2403 892 2478 958 s.,

133 973 175 1039 i.
204 993 261 1041 e.
305 972 493 1043 homo
537 975 840 1043 innocens
884 983 1056 1044 tutus
1117 983 1243 1061 est,
1299 998 1441 1045 cum
1502 977 1649 1064 ipsa
1701 978 2062 1046 innocentia
2115 997 2261 1045 eum
2315 980 2482 1047 satis

131 1080 440 1151 munitum
484 1089 783 1168 praestet.
863 1084 1227 1171 conparatio
1272 1086 1466 1170 igitur
1507 1087 1709 1173 proba
1752 1092 1851 1154 est
1894 1092 1961 1153 et
2003 1085 2318 1153 sententia
2359 1106 2482 1172 per

132 1208 204 1257 se
246 1194 418 1275 apta.
472 1184 745 1257 ‘murus’
787 1198 999 1259 autem
1046 1194 1199 1260 alibi
1237 1213 1490 1278 quoque
1520 1193 1602 1261 de
1646 1193 1826 1260 firmo
1857 1193 2181 1279 praesidio
2225 1193 2478 1280 dieitur,

130 1302 203 1362 ut
244 1295 418 1383 apud
462 1297 591 1365 Cic.
623 1299 750 1366 Pis.
780 1300 856 1365 4:
901 1292 1036 1367 ‘lex
1079 1301 1263 1367 Aelia
1307 1307 1374 1369 et
1416 1300 1599 1366 Fufia
1656 1320 1883 1369 euersa
1936 1308 2062 1386 est,
2117 1320 2484 1387 propugna-

132 1404 274 1471 cula
316 1405 604 1489 murique
660 1406 1132 1489 tranquillitatis
1189 1415 1254 1474 et
1309 1404 1481 1473 odii?
1569 1404 1839 1477 Ouidius
1882 1414 2031 1474 met.
2075 1408 2262 1493 XIII,
2311 1410 2478 1477 280.

116 1508 408 1580 ‘Graium
453 1534 668 1580 murus
709 1511 1041 1581 Achilles'·
1026 1540 1042 1600 ς
1099 1514 1425 1598 Diogenes
1466 1514 1676 1581 Laert.
1706 1515 1811 1600 VI,
1860 1514 1986 1582 105
2031 1513 2478 1585 Antisthenem

129 1618 321 1687 refert
372 1630 578 1703 τεῖχος
621 1617 1115 1709 ἀσφαλέστατον
1158 1621 1473 1710 φρόνησιν
1516 1642 1812 1707 necasse,
1853 1623 2012 1708 μήτε
2054 1647 2180 1707 γαρ
2227 1648 2477 1712 καταρ-

78 1777 88 1787 .
129 1737 267 1812 ρσῖν
307 1723 465 1812 μήτε
508 1727 973 1812 προδίδοσθαι.
1040 1751 1158 1796 nec
1202 1730 1402 1797 haece
1444 1730 1764 1815 exempla,
1811 1748 1975 1810 quae
2009 1728 2280 1799 Orellius
2327 1752 2477 1799 con·

128 1834 296 1918 tulit,
343 1834 501 1901 mihi
544 1833 1026 1922 α’προσδιόνυσα
1073 1857 1216 1904 esse
1262 1837 1584 1904 uidentur:
1631 1834 1884 1901 Pindar.
1915 1834 2098 1917 frgm.
2136 1836 2261 1901 153
2291 1837 2474 1905 Diss.

43 2000 47 2005 .
130 1942 344 2027 σχήσει
396 1937 468 2008 τὸ
524 1947 947 2028 πεπρωμένον
1001 1941 1083 2010 οδ
1139 1946 1300 2027 πῦρ,
1371 1937 1451 2009 οὕ
1507 1941 1816 2026 σιδάρεον
1860 1950 2083 2022 carzag.
2170 1941 2484 2011 Aeschin..

127 2047 407 2135 Ooesiph.
455 2050 494 2128 ξ
526 2051 642 2117 84:
698 2053 962 2133 χαλκοῖς
1015 2057 1125 2117 καὶ
1180 2049 1646 2136 ἀδαμαντίνοις
1699 2052 1989 2130 τείχεσιν.
2077 2049 2339 2116 Lueian.
2384 2048 2473 2117 de

127 2156 245 2225 cal.
285 2178 413 2227 non
454 2163 609 2225 tem.
651 2179 735 2226 cr.
782 2161 898 2228 20:
954 2156 1399 2246 ἀδαμάντινον
1440 2167 1648 2241 τεῖχος
1692 2158 1802 2245 τῆς
1841 2156 2059 2245 ψυχῆς
2104 2155 2471 2246 προβεβλη-

123 2269 333 2350 μένος.
399 2265 622 2333 Senec.
663 2287 764 2354 ep.
809 2270 914 2335 82.
968 2304 1057 2317 -
1113 2268 1245 2335 iam
1305 2287 1457 2334 uero
1512 2266 1877 2350 uideamus,
1933 2265 2096 2333 haec
2152 2265 2474 2334 sententia

127 2373 441 2457 quomodo
486 2395 628 2441 cum
675 2375 901 2443 ceteris
946 2375 1301 2443 cohaereat.
1353 2373 1574 2442 ‘uilius
1604 2379 1936 2459 argentum
1980 2379 2081 2441 est
2122 2391 2296 2457 auro,
2343 2373 2470 2442 uir-

124 2481 362 2549 tutibus
405 2501 647 2548 aurum.
736 2502 819 2549 ex
861 2484 1037 2569 uulgi
1081 2483 1341 2567 quidem
1386 2481 1711 2570 opinione,
1768 2482 2174 2566 quantumuis
2219 2502 2467 2548 morum

124 2588 486 2674 integritate
528 2595 851 2675 praestes,
893 2590 950 2658 si
993 2597 1223 2658 tamen·
1252 2591 1483 2675 exiguo
1528 2610 1724 2658 censu
1768 2609 1857 2673 es,
1901 2588 2351 2663 contemneris:
2397 2594 2478 2655 at

123 2696 306 2765 aliter
347 2697 529 2784 pueri
572 2697 881 2782 ludentes,
928 2699 1040 2782 qui
1066 2696 1210 2765 ‘rex
1254 2699 1390 2783 erit,
1436 2698 1547 2781 qui
1591 2697 1776 2765 recte,
1792 2695 2003 2781 faciet,
2050 2699 2160 2780 qui
2203 2717 2329 2762 non
2375 2695 2476 2764 fa·

124 2805 248 2871 ciet
288 2805 418 2871 non
469 2802 618 2872 erit³
658 2800 751 2890 (u.
780 2805 1084 2892 Porphyr.
1124 2812 1191 2873 et
1227 2806 1453 2873 Isidor.
1485 2826 1573 2872 or.
1606 2806 1678 2888 9,
1719 2805 1790 2888 3,
1830 2799 1901 2888 4)
1947 2803 2143 2870 aiunt.
2232 2802 2338 2871 hic
2381 2803 2480 2872 sit*

122 2932 338 2980 murus
382 2933 638 2998 aeneus,
687 2914 843 2980 bene
889 2913 1209 2982 conscium
1256 2913 1381 2980 sibi
1421 2909 1596 2996 esse3
1644 2910 1749 2978 dic
1791 2910 1999 2994 sodes,
2044 2917 2254 2978 utrum
2289 2909 2476 2995 uulgi

123 3020 337 3106 opinio
381 3041 464 3088 an
508 3041 846 3107 puerorum
889 3019 1082 3087 nenia
1125 3021 1349 3088 melior
1393 3016 1567 3087 est‘P'
1612 3055 1701 3064 —
1755 3017 1820 3083 in
1884 3019 2110 3102 quibus
2156 3038 2474 3086 conexum

124 3127 574 3196 sententiarum
619 3148 748 3195 non
792 3128 1191 3214 interrumpi,
1247 3127 1366 3196 sed
1422 3128 1692 3195 colorem
1737 3132 1981 3195 tantum
2028 3125 2329 3194 orationis
2375 3125 2473 3192 in-

122 3235 352 3306 mutari
396 3233 867 3303 concedendum
915 3242 1032 3304 est.
1116 3236 1354 3322 quippe
1398 3235 1549 3302 inde
1594 3237 1675 3303 ab
1720 3255 1781 3302 u.
1811 3235 1899 3302 62
1945 3234 2290 3316 interrogat
2334 3232 2472 3316 qui—

124 3342 300 3428 dem,
329 3341 463 3410 ‘dic
506 3343 697 3410 sodes
741 3341 902 3409 —-³‘?
957 3350 1022 3412 et
1065 3337 1233 3411 ‘isne
1277 3375 1367 3392 ——-
1411 3339 1705 3410 suadet'?
1761 3340 1879 3410 sed
1922 3362 2050 3408 non
2103 3340 2222 3423 ita,
2279 3339 2472 3422 quasi

123 3448 427 3517 incertum
472 3451 583 3534 sit,
638 3450 921 3518 uirtusne
965 3472 1048 3518 an
1091 3450 1366 3538 pecunia
1421 3449 1784 3533 quaerenda
1841 3449 1951 3534 sit,
2008 3453 2071 3514 et
2123 3446 2470 3532 interroga·

122 3557 311 3624 tionis
355 3558 613 3641 quidem
660 3558 865 3625 forma
907 3559 1114 3642 utitur,
1159 3578 1326 3642 quae
1370 3565 1584 3625 tamen
1619 3556 1932 3625 sententia
1961 3554 2468 3622 adfirmationem

123 3664 494 3750 aequiparet
549 3661 638 3751 (u.
679 3665 961 3750 Maduig.
1000 3686 1101 3752 op.
1143 3667 1233 3751 Π,
1267 3662 1445 3751 210).
1536 3664 1764 3749 quodsi
1818 3662 1980 3729 nihil
2031 3662 2205 3734 aliud
2251 3662 2317 3728 in
2361 3661 2468 3730 hie
2593 3699 2594 3702 ¹

123 3772 404 3858 offendit,
448 3773 577 3841 nisi
623 3774 848 3842 coloris
892 3775 1289 3858 permutatio,
1329 3772 1538 3840 critici
1563 3793 1706 3839 ·non
1752 3790 1895 3840 esse
1931 3770 2199 3854 uidetur,
2244 3770 2462 3838 tollere

122 3899 406 3966 uersum,
462 3902 544 3948 ne
589 3881 892 3967 petitione
935 3882 1184 3949 labatur
1226 3879 1552 3967 principii,
1597 3878 1970 3965 praesertim
2014 3897 2155 3945 cum
2200 3876 2328 3946 hoc
2363 3897 2462 3944 ac·

125 3985 338 4071 cedat,
383 3986 553 4070 quod
598 3988 724 4054 nisi
768 3996 913 4074 post
957 3989 1066 4056 illa
1097 3987 1190 4056 ‘at
1232 3987 1415 4075 pueri
1459 4023 1546 4036 --
1590 4007 1703 4055 rex
1751 3987 1875 4056 eris
1920 3986 2128 4071 aiunt,
2183 3984 2239 4052 si
2293 3990 2460 4052 reete

126 4090 352 4158 facies'
424 4089 641 4177 'aliqua
712 4094 1027 4181 dicentur,
1103 4097 1331 4181 quibus
1403 4095 1681 4180 quodam
1751 4095 1940 4164 modo
2010 4095 2136 4162 alio
2195 4091 2461 4162 flectitur

131 4197 344 4283 mtio,
386 4200 577 4285 plane
623 4220 1131 4288 superuacaneus
1161 4206 1281 4274 erit
1308 4224 1533 4272 uersus
1565 4206 1682 4274 63:
1716 4199 1962 4289 ‘nenia,
2007 4222 2172 4287 quae
2200 4211 2457 4286 regnum
