2638 4404
1318 72 1362 145 3

177 265 341 333 uelut
368 255 826 329 ‘centimanus'
852 256 1081 325 innotis
1098 252 1409 325 ‘eentum'
1454 261 1517 324 et
1548 249 1828 323 ‘manus’
1858 255 2045 340 facte,
2092 274 2284 340 quam
2330 254 2515 321 inter-

180 370 584 461 pretationem
643 366 891 432 Horatii
947 367 1153 433 uerba·
1199 366 1372 447 nullo
1428 371 1617 451 paeto
1671 364 2012 451 recipiunt3
2075 362 2289 430 dieere
2344 362 2516 429 enim

181 468 391 548 saltem
459 475 734 544 debebat
744 498 765 539 tw
805 469 1072 541 ‘dixeris
1138 473 1425 558 egregie,
1496 472 1553 540 si
1619 493 1737 559 per
1801 471 2153 538 iuneturam
2225 471 2515 537 duorum

179 587 456 654 mamae
497 583 833 649 uerborum
874 587 1167 647 notorum
1211 600 1407 647 unum
1450 596 1683 647 nouum
1729 580 1967 646 faotum
2013 575 2160 645 erit'
2198 579 2304 644 uel
2349 576 2520 645 simi·-

174 695 343 778 liter,
396 691 654 759 minime
697 708 850 756 uero
880 686 968 755 ‘si
1012 695 1229 754 notum
1274 689 1539 756 uerbum
1583 684 1843 774 (nempe
1888 680 2238 771 singulare)
2285 682 2521 751 callida

180 802 459 868 iunctura
509 792 861 864 reddiderit
912 793 1188 862 nouum?
1254 796 1448 862 immo
1503 794 1625 862 hoo
1678 794 1861 897 dieit,
1929 793 2190 863 uerbum
2259 790 2519 875 aliquod

186 907 359 992 quasi
396 922 633 973 nouum
675 903 833 988 fieri,
880 902 937 969 si
985 918 1129 969 eum
1172 903 1372 970 altero
1409 903 1606 970 uerbo
1637 901 1949 987 iungatur,
1994 901 2078 968 de
2107 919 2232 984 quo
2263 899 2518 986 proprie

184 1034 299 1082 non
342 1013 618 1096 dicatur,
671 1010 847 1078 uelut
878 1005 1190 1095 ‘uorago',
1246 1009 1418 1093 quod
1475 1016 1694 1076 notum
1753 1016 1853 1077 est
1908 1009 2172 1077 uerbum
2230 1028 2375 1074 eum
2433 1005 2518 1073 ad

181 1117 392 1189 ‘bona'
443 1120 738 1204 refertur,
795 1113 1059 1202 ‘uorago
1124 1114 1473 1201 bonorum’,
1540 1117 1627 1184 ad
1694 1135 1925 1184 nouam
1993 1115 2519 1201 significationem

175 1228 549 1296 transfertur
593 1232 655 1292 et
698 1225 882 1308 quasi
926 1244 1163 1291 nouum
1204 1224 1276 1290 fit
1319 1225 1602 1290 uerbum.
1677 1224 1891 1308 itaque
1934 1230 2105 1291 reete
2148 1221 2518 1309 PorphyriO.

346 1334 492 1400 Hoe
533 1332 724 1417 igitur
766 1348 849 1400 ex
900 1333 1059 1399 loeis
1114 1351 1275 1416 quos
1340 1332 1540 1399 adtuli
1594 1332 1889 1418 adparet,
1944 1331 2276 1397 Horatium
2320 1331 2521 1396 multa

171 1442 485 1511 noeabula
525 1440 816 1523 finxisse,
871 1440 1071 1506 multa
1124 1459 1291 1506 noue
1345 1439 1762 1506 transtulisse.
1853 1459 2018 1522 quae
2068 1444 2284 1505 tamen
2329 1456 2520 1520 quam

173 1551 373 1617 muita
428 1555 495 1615 et
547 1546 764 1630 qualia
819 1546 972 1630 sint,
1030 1546 1174 1613 aliis
1231 1546 1676 1631 inquirendum
1732 1546 2163 1630 relinquimus.
2260 1544 2522 1612 miretur

178 1665 386 1726 autem
444 1648 769 1739 quispiam'
823 1660 887 1720 et
939 1653 1204 1721 miratus
1262 1660 1362 1720 est
1417 1654 1902 1740 Peerlkampus,
1968 1654 2071 1720 uir
2128 1653 2210 1719 de
2255 1652 2519 1718 Horatio

178 1765 500 1852 praec-,lare
545 1760 822 1844 meritus,
869 1755 1072 1846 (uelut
1115 1782 1167 1827 e.
1197 1761 1247 1845 I,
1281 1761 1387 1846 22,
1424 1757 1552 1845 14),
1599 1761 1770 1845 quod
1814 1760 2148 1845 quaedam,
2194 1780 2360 1844 quae
2395 1760 2522 1826 Ho-

174 1873 377 1940 ratius
416 1868 682 1936 finxisse
725 1864 1044 1951 uideatur,
1101 1869 1183 1934 ab
1239 1868 1413 1935 nullo
1471 1875 1697 1955 postea
1740 1869 2046 1956 scriptore
2090 1874 2348 1953 recepta
2393 1868 2521 1934 sint

174 1981 283 2046 uel
325 1977 535 2062 potius
591 1997 632 2043 a
673 1975 858 2042 nobis
915 1974 1044 2041 iam
1096 1974 1275 2061 apud
1329 1975 1570 2041 nullum
1625 1975 2046 2043 inueniantur.
2136 1973 2252 2041 sed
2307 1975 2519 2060 potius

180 2083 652 2169 agnoseendum
712 2088 859 2150 esse
921 2081 1079 2147 mihi
1145 2081 1398 2149 uidetur
1455 2100 1646 2166 quam
1696 2083 2083 2169 mirandum,
2139 2082 2339 2148 multa
2391 2081 2521 2147 iam

174 2188 527 2277 singularia
580 2207 743 2260 esse.
833 2209 910 2255 ae
966 2189 1165 2256 multa
1220 2188 1504 2276 profecto
1560 2209 1689 2257 non
1742 2191 1953 2258 minus
2009 2210 2197 2257 casus
2248 2189 2520 2256 ludibrio
2590 2227 2596 2232 -

173 2299 523 2384 singularia
577 2298 707 2365 iam
755 2289 926 2364 faeta
970 2304 1117 2365 sunt
1160 2318 1351 2383 quam
1404 2298 1560 2384 alia,
1619 2319 1784 2383 quae
1827 2299 2129 2365 Horatius
2172 2297 2363 2383 feeit,
2421 2299 2519 2365 bis

171 2413 349 2474 terne
392 2401 772 2474 conseruata
815 2412 981 2471 sunt.
1069 2412 1139 2471 ut
1179 2404 1515 2491 ‘bimaris³,
1558 2403 1952 2492 ‘peieratus’,
1996 2403 2519 2489 ‘inexcusabilis',

172 2507 576 2597 ‘einetutus²,·
607 2513 764 2597 alia,
822 2532 986 2596 quae
1043 2511 1312 2580 Ouidius
1371 2515 1451 2580 ab
1508 2511 1798 2580 Horatio.
1829 2515 2101 2599 sumpsit
2111 2510 2196 2597 ²⁸).
2285 2513 2520 2579 deinde

170 2619 297 2687 hoe
340 2639 590 2703 quoque
634 2620 1055 2707 reputandum
1102 2627 1216 2705 est,
1263 2621 1521 2687 mutatis
1564 2620 1889 2687 hominum
1936 2620 2175 2687 studiis.
2194 2620 2395 2686 multa
2439 2621 2518 2686 ab

170 2723 438 2794 Horatio
496 2726 804 2811 producta
856 2727 1267 2794 intermortua
1319 2748 1466 2795 esse
1533 2735 1597 2795 et
1660 2729 2098 2794 auctoritatem
2156 2734 2520 2813 superatam

170 2832 650 2917 eonsuetudine,
693 2855 862 2919 nam,
908 2840 979 2901 ut
1023 2834 1163 2920 ipse
1209 2835 1317 2919 ait,
1362 2835 1655 2903 mortalia
1699 2829 1870 2902 faeta
1913 2835 2237 2922 peribunt,
2285 2836 2518 2902 nedum
2581 2875 2588 2882 ·

167 2939 537 3008 sermonum
583 2946 707 3008 stet
748 2940 948 3008 honos
995 2948 1060 3008 et
1103 2943 1312 3027 gratia
1341 2944 1565 3029 uiuax3
1613 2950 1677 3010 et
1704 2943 1918 3021 Quint.
1947 2944 1997 3027 I,
2027 2943 2089 3028 5,
2123 2944 2211 3009 70
2242 2938 2385 3010 ‘sed
2418 2963 2519 3009 res

165 3055 309 3115 tota
354 3044 616 3134 [fingere
644 3043 861 3134 uerba]
908 3049 1114 3135 magis
1151 3049 1432 3118 Graecos
1478 3051 1679 3135 deeet,
1724 3051 1906 3117 nobis
1937 3050 2146 3117 minus
2180 3048 2517 3133 succedit³3

166 3163 238 3223 et
267 3156 447 3240 VIII,
480 3156 563 3240 3,
584 3155 673 3220 30
705 3150 928 3222 ‘nostri
971 3158 1035 3223 in
1081 3158 1402 3243 iungendo
1448 3164 1559 3225 aut
1601 3158 1668 3223 in
1713 3157 2063 3225 deriuando
2107 3159 2367 3244 paulum
2413 3157 2523 3223 aliss

166 3263 334 3345 quid
378 3263 521 3330 ausi
562 3261 675 3328 uix
718 3262 786 3328 in
829 3260 951 3329 hoe
993 3265 1150 3332 satis
1196 3261 1620 3352 recipiuntur?

359 3368 535 3447 Quae
580 3389 723 3437 oum
769 3369 861 3437 ita
905 3371 1057 3456 sint,
1113 3371 1275 3440 haee
1328 3374 1563 3457 ubique
1616 3373 1894 3441 tenenda
1946 3373 2052 3439 lex
2109 3377 2235 3455 est,
2291 3393 2373 3439 ne
2419 3372 2519 3438 eui

163 3475 323 3545 uooi
367 3478 470 3544 uel
513 3477 779 3545 dictioni
817 3484 1157 3564 propterea
1196 3481 1419 3566 solum,
1461 3480 1615 3564 quia
1644 3481 1844 3548 semel
1869 3486 2114 3547 tantum
2143 3484 2335 3564 extat,
2378 3497 2521 3566 pro-

319 3704 372 3771 *)
419 3706 490 3760 De
526 3706 791 3761 imitatione
827 3708 1015 3762 Horatii
1049 3706 1312 3762 Paldamus
1356 3708 1646 3780 disputauit,
1694 3709 1777 3763 sed
1823 3726 1909 3762 nec
1953 3707 2116 3761 ¹omnia
2160 3707 2424 3778 conplexus
2472 3716 2520 3760 et

104 3819 121 3833 ·
164 3790 310 3846 malo
354 3809 491 3865 saepe
526 3796 706 3852 iudicio
745 3814 880 3852 um.
953 3799 1151 3852 omnino
1197 3806 1359 3851 autem
1406 3798 1465 3852 de
1500 3807 1675 3852 mutua
1711 3807 1961 3869 poetarum
1997 3801 2370 3869 Augusteorum
2409 3798 2519 3849 imi-

157 3883 359 3938 tatione
395 3885 512 3953 quid
546 3885 851 3940 iudicandum
889 3888 979 3952 sit,
1016 3888 1278 3942 Mauricius
1316 3888 1563 3958 Hauptius
1599 3889 1649 3940 in
1684 3886 1789 3940 Ind.
1813 3885 1941 3940 lectt.
1980 3886 2139 3941 Berol.
2166 3886 2304 3941 1855
2340 3886 2517 3939 docuit.

155 3971 358 4045 quibus
394 3971 610 4028 conferre
655 3974 774 4028 mihi
819 3975 895 4028 hic
940 3975 1079 4031 liceat
1113 3978 1318 4032 Senecae
1363 3973 1512 4031 uerba
1556 3976 1698 4029 haece
1744 3974 1965 4041 (Suasor.
2000 3994 2049 4046 p.
2067 3977 2141 4031 21
2180 3975 2371 4038 Burs.):
2407 3973 2520 4027 ‘hoc

153 4070 335 4116 autem
380 4060 568 4114 dicebat
604 4061 755 4116 Gallio
792 4064 977 4119 Nasoni
1023 4083 1115 4121 suo
1162 4066 1305 4120 ualde
1347 4064 1609 4136 placuiss03
1654 4065 1818 4133 itaque
1863 4063 2032 4117 fecisse
2077 4063 2242 4126 illum,
2291 4062 2424 4131 quod
2468 4064 2520 4113 in

150 4149 337 4205 multis
374 4150 481 4204 aliis
518 4149 745 4204 uersibus
769 4151 959 4226 Virgilii
1003 4155 1203 4222 fecerat,
1249 4172 1348 4209 non
1394 4152 1690 4223 subripiendi
1734 4169 1906 4219 eausa,
1954 4152 2039 4206 sed
2083 4150 2239 4224 palam
2286 4149 2521 4212 imitandi,

144 4239 254 4295 hoe
295 4241 478 4305 animo,
515 4247 576 4293 ut
611 4238 757 4294 uellet
788 4243 1010 4314 agnosci?
2164 4324 2200 4358 ὓ
2563 4249 2623 4364 Α

2121 4329 2141 4365 1
