2638 4404
1257 28 1344 96 38

136 209 195 293 7,
230 208 332 276 10.
378 245 467 259 -—-
523 207 898 295 adprosam?
941 227 993 274 c.
1022 208 1178 292 1111,
1220 207 1336 293 15,
1367 208 1453 277 28
1499 216 1565 278 et
1605 209 1837 297 Appul.
1867 215 2013 278 met.
2041 210 2165 296 XI,
2193 210 2349 296 266,
2382 212 2475 280 23

132 321 198 384 et
224 318 287 400 4,
323 316 380 382 1.
446 315 846 404 inlaqueare
876 336 929 382 c.
959 316 1071 401 ΙΠ,
1106 317 1209 401 16,
1241 317 1326 382 16
1356 321 1422 384 et
1449 316 1579 384 Cic.
1609 316 1866 404 harusp.
1896 338 2063 405 resp.
2085 320 2131 385 4
2162 316 2270 403 (cf.
2294 320 2477 388 Fest.

130 447 194 513 p.
229 419 418 509 113);
465 425 870 493 denormare
914 444 965 490 s.
995 424 1076 508 ΙΙ,
1110 425 1170 508 6,
1200 423 1243 489 9
1288 429 1355 491 et
1397 432 1662 510 gromat.
1691 432 1816 492 uet.
1864 447 1927 512 p.
1959 426 2110 512 345,
2142 428 2246 493 20.

311 533 585 599 Tantum
643 531 727 599 de
782 531 1014 599 uerbis.
1083 526 1386 617 (addatur
1434 531 1627 599 uelim
1687 551 1881 618 supra
1922 555 1987 620 p.
2022 535 2100 599 11
2150 533 2478 621 rapulam

134 635 209 726 [s.
238 639 329 725 II,
361 638 421 724 2,
451 640 541 705 43
588 643 653 707 et
695 639 766 721 8,
797 633 861 724 8]
875 689 892 723 ,
948 658 1103 706 casu
1147 639 1364 723 iniquo
1409 634 1761 725 omissum).
1807 639 2120 708 aduerbia
2162 642 2476 716 Horatius

132 748 305 815 solus
348 747 548 814 haece
591 745 812 813 habet:
2542 800 2552 811 .

308 852 672 922 Exsultim.
734 873 786 920 c.
817 853 946 937 III,
995 854 1114 938 11,
1164 854 1278 919 1οε
1325 848 1518 937 ‘quae
1574 849 1811 941 (Lyde)
1866 854 2039 922 uelut
2090 855 2240 923 latis
2297 877 2477 942 equa

130 962 320 1030 trima
363 962 608 1049 campis
650 961 816 1028 ludit
865 961 1160 1031 exsultim
1204 961 1551 1045 metuitque
1595 959 1806 1048 tangi?
1884 963 1980 1029 sic
2019 964 2346 1032 exsultare
2387 967 2475 1036 de

131 1071 313 1156 equis
368 1069 497 1136 Cic.
528 1070 634 1136 off.
664 1068 725 1153 Ι,
758 1071 863 1155 26,
898 1071 1004 1139 90.
1048 1069 1211 1155 Nep.
1242 1069 1426 1135 Eum.
1454 1068 1530 1155 53
1587 1069 1672 1136 de
1714 1068 1996 1156 piscibus
2039 1071 2171 1138 Cic.
2211 1072 2348 1142 diu.
2387 1075 2471 1161 Π,

134 1178 235 1263 70,
269 1177 396 1244 145
444 1183 510 1244 et
553 1198 656 1263 ap.
686 1177 847 1244 Non.
876 1179 984 1262 66,
1021 1178 1079 1243 1.
1125 1177 1286 1242 Plin.
1314 1197 1378 1243 n.
1408 1175 1471 1242 h.
1507 1178 1610 1261 18,
1642 1178 1760 1262 35,
1791 1178 1910 1244 88ε
1952 1173 2222 1248 ‘Pecora
2255 1182 2466 1251 'exsul-

128 1286 331 1353 tantia
374 1291 440 1352 et
482 1285 782 1353 indecora
823 1284 1093 1352 lasciuia
1135 1281 1459 1351 ludentia?
1515 1284 1594 1351 cf.
1624 1285 1871 1353 Lucret.
1901 1287 1983 1371 Π,
2020 1288 2186 1354 631:
2219 1282 2480 1358 ‘ludunt'

128 1393 196 1459 in
245 1412 700 1477 numerumque
768 1393 1086 1460 exsultant
1138 1389 1639 1476 sanguinolenti?
1707 1431 1796 1443 --
1849 1389 2241 1462 ‘subsultim'
2291 1398 2471 1485 apud

129 1501 385 1569 Sueton.
429 1500 591 1586 Aug.
638 1501 744 1567 83.
832 1501 984 1568 item
1042 1499 1378 1569 formatum
1423 1494 1822 1587 ‘expulsim'z
1889 1502 2089 1568 Varro
2146 1524 2249 1591 ap.
2305 1505 2465 1573 Non.

132 1610 277 1695 104,
309 1610 425 1677 29:
457 1603 735 1676 ‘uidebis
783 1656 800 1675 .
824 1658 840 1674 .
864 1658 881 1674 .
925 1626 1157 1695 pueros
1205 1658 1220 1674 .
1246 1657 1262 1673 .
1288 1657 1304 1673 .
1348 1607 1485 1694 pila
1527 1609 1843 1695 expulsim
1887 1608 2144 1678 ludere?

305 1716 566 1783 For-sit.
625 1734 811 1785 serm.
841 1716 900 1800 I,
928 1717 1002 1801 6,
1030 1717 1151 1782 49:
1195 1710 1375 1800 ‘quia
1415 1736 1570 1801 non,
1626 1724 1700 1783 nt
1750 1717 1933 1785 forsit
1986 1718 2283 1786 honorem
2328 1720 2473 1789 iure

127 1825 284 1891 mihi
327 1823 611 1891 inuideat
638 1823 866 1908 quiuis,
913 1823 1095 1891 itate
1125 1844 1376 1907 quoque
1405 1818 1717 1891 amicum?
1744 1862 1834 1875 —-
1868 1825 2070 1904 adfert
2096 1825 2464 1895 Priscianus

125 1955 189 2018 p.
224 1931 414 1998 1015.
482 1932 565 1998 ab
614 1931 772 2016 sors
814 1931 1122 2001 aduerbia
1165 1930 1327 1998 haec
1371 1931 1659 2001 deriuata
1702 1938 1880 2000 sunt.
1937 1933 2062 2001 fors
2107 1937 2171 1999 et
2209 1931 2457 2019 forsau3

126 2039 396 2107 fortasse
426 2045 491 2107 et
519 2039 903 2124 fortassean3
951 2037 1133 2106 forsit
1162 2045 1227 2121 et
1256 2037 1549 2123 forsitam
1573 2037 1712 2106 fors
1739 2039 1880 2108 fuat
1908 2038 2152 2128 (Sidon.
2175 2061 2275 2127 ep.
2297 2041 2362 2124 9,
2393 2037 2465 2126 ’1)

126 2153 192 2216 et
233 2147 364 2216 fors
408 2147 549 2216 fuat
588 2168 673 2215 an
718 2142 984 2235 (Symm.
1015 2168 1115 2233 ep.
1145 2146 1196 2232 Ι,
1226 2146 1347 2225 39·
1391 2147 1453 2233 4,
1487 2145 1580 2214 28
1623 2154 1689 2215 et
1728 2145 1859 2234 29).
1929 2149 2009 2218 cf.
2038 2149 2249 2217 Hand.
2279 2148 2469 2218 Turs.

125 2258 189 2322 Π
232 2277 297 2343 p.
332 2255 480 2323 712.

158 2423 170 2438 ,
307 2361 789 2432 [insolabiliter.
849 2383 951 2449 ep.
979 2363 1028 2447 I,
1064 2364 1165 2448 14,
1196 2365 1269 2430 8.
1302 2357 1512 2449 ‘rapto
1557 2364 1640 2431 de
1686 2362 1878 2432 fratre
1921 2363 2192 2433 dolentis
2236 2363 2469 2432 insola-

123 2469 370 2540 biliter?
435 2471 655 2539 Ouidii
709 2477 808 2539 est
846 2468 1374 2539 ‘inconsolabilis'
1434 2461 1613 2557 (Met.
1639 2465 1693 2538 ‘5
1709 2466 1954 2557 ,-426);
2010 2467 2468 2540 ‘consolabilis'

125 2580 254 2648 Cic.
279 2601 379 2667 ep.
411 2579 561 2647 fam.
592 2580 655 2664 4,
689 2580 749 2664 3,
781 2580 841 2664 2,
872 2579 1083 2647 habet.
1128 2575 1247 2646 sed
1277 2597 1397 2647 nec
1425 2578 1710 2647 solabilis
1740 2599 1860 2647 nec
1889 2579 2242 2648 insolabilis
2274 2585 2465 2647 extat.

123 2689 453 2756 Lucretius
476 2687 588 2771 m,
612 2686 742 2752 907
776 2687 1054 2755 dixeratt
1087 2682 1557 2754 ‘insatiabiliter
1585 2684 2000 2755 defleuimus?
2053 2694 2224 2756 recte
2254 2693 2465 2756 autem

123 2795 229 2863 hic
267 2795 540 2864 Orellius
582 2794 830 2861 Horatii
875 2802 1074 2862 artem
1120 2795 1463 2880 agnouisse
1508 2794 1665 2861 mihi
1712 2794 1991 2881 uidetur,
2038 2815 2164 2880 qua
2202 2796 2466 2863 Lamiae

124 2904 314 2971 etiam
375 2909 567 2988 atque
613 2902 805 2970 etiam
861 2908 926 2971 et
981 2903 1120 2970 sine
1172 2902 1299 2972 fine
1359 2901 1617 2969 fratrem
1674 2902 2015 2972 maerentis
2069 2903 2306 2970 luctum
2360 2903 2467 2971 de-

122 3011 332 3100 pinxit
374 3007 517 3098 pari
561 3012 898 3095 utriusque
931 3029 1155 3079 uersus
1199 3010 1402 3097 partis
1458 3010 1631 3078 exitu
1676 3017 1742 3077 et
1782 3005 2049 3079 ‘fratris'
2091 3011 2465 3099 repetitione

124 3126 188 3187 et
229 3120 418 3205 longo
462 3119 770 3186 uocabulo
805 3112 1285 3187 ‘insolabiliter.'

298 3227 438 3294 Iam
481 3246 634 3294 uero
681 3247 1072 3312 consequens
1118 3233 1271 3311 erat,
1316 3231 1404 3292 ut:r
1420 3224 1678 3292 nomina
1709 3226 1984 3313 propria,
2027 3226 2254 3309 quibus
2293 3227 2465 3296 solus

121 3334 421 3402 Horatius
465 3334 690 3419 utitur,
750 3335 1129 3402 exhiberem.
1202 3333 1366 3401 haec
1408 3339 1621 3401 tamen
1665 3332 1816 3400 dum
1861 3335 2260 3420 colligebam,
2316 3356 2466 3402 mox

121 3442 424 3527 longioris
469 3463 613 3510 eum
659 3441 866 3509 locum
911 3441 1388 3525 conquisitionis
1435 3447 1500 3508 et
1543 3440 2004 3525 disquisitionis
2054 3461 2244 3527 egere
2290 3442 2468 3509 intel-

121 3550 277 3635 legi,
335 3549 463 3616 nisi
514 3548 957 3636 neglegentiae
1014 3549 1273 3617 crimine
1330 3543 1745 3616 obstrinxisse
1801 3570 1902 3617 me
1943 3549 2193 3617 uellem.
2269 3565 2484 3632 quarev

121 3657 511 3744 paucissima
564 3658 647 3726 de
703 3679 935 3744 magno
989 3678 1248 3726 numero
1314 3678 1484 3724 nunc
1538 3642 1848 3726 delibabo.
1938 3656 2129 3742 igitur
2185 3657 2465 3726 incertae

120 3766 273 3833 fidei
317 3770 466 3832 sunt
513 3763 773 3834 Bar-inc
802 3787 853 3834 c.
885 3766 966 3851 II,
1000 3767 1058 3850 8,
1090 3767 1132 3832 2
1165 3762 1252 3851 (u.
1284 3761 1517 3850 Bentl.)
1562 3772 1630 3834 et
1673 3764 1981 3852 Pyrrhia
2011 3786 2110 3851 ep.
2137 3764 2189 3849 Ι,
2223 3765 2325 3849 13,
2359 3766 2463 3850 14,

123 3891 247 3957 quo
292 3872 375 3941 de
420 3892 615 3959 supra
669 3874 799 3940 iam
851 3874 1006 3941 dixi.
1081 3894 1395 3958 nusquam
1432 3865 1592 3958 ,alibi
1637 3880 1854 3941 extare
1897 3873 2222 3940 uidentur:
2277 3870 2461 3939 Maz-

125 3979 358 4046 chinus
405 3975 484 4066 (s.
516 3980 567 4064 I,
599 3982 660 4065 2,
694 3976 826 4065 25),
881 3980 1152 4068 Ofellus
1198 3977 1276 4066 (s.
1307 3981 1389 4066 II,
1422 3982 1483 4066 2,
1514 3981 1556 4047 2
1587 3985 1652 4047 et
1686 3979 1859 4066 112),
1903 3971 2275 4049 'Soetanius
2303 3975 2382 4065 (s.
2410 3980 2460 4065 Ι,

124 4087 197 4169 4,
244 4083 430 4171 112),
493 4085 800 4153 Suadela
846 4083 974 4174 (ep.
1016 4091 1078 4173 I,
1123 4091 1193 4174 6,
1238 4084 1354 4173 38)
1393 4089 1437 4156 i.
1483 4109 1538 4156 e.
1584 4087 1842 4155 Πειθώ.
1914 4088 2161 4157 Ennius
2217 4088 2459 4156 dixerat

119 4190 412 4279 ‘Suada',
459 4193 628 4278 quod
671 4214 877 4261 nouae
904 4195 1076 4271 ‚artis
1120 4196 1328 4283 poetis
1374 4203 1439 4264 et
1481 4197 1717 4266 criticis
1758 4197 2167 4283 displicuisse
2194 4195 2454 4279 uidetur,
