2638 4404
1317 70 1400 140 15

175 261 254 324 nt
296 253 672 322 nostratium
719 251 899 319 multi
942 253 1156 320 multis
1199 254 1359 320 locis
1399 273 1525 349 non
1554 253 1990 338 intellegerent
2032 254 2171 321 eius
2215 262 2542 343 naturam..

180 362 460 432 eandem
504 367 718 428 autem
763 379 889 425 non
933 379 1077 427 esse
1134 361 1214 427 ab
1271 360 1488 427 latinis
1533 361 1738 447 poetis
1783 360 1870 427 ad
1911 380 2279 446 graecorum
2325 361 2526 428 imita-

182 471 424 538 tionem
453 474 797 554 receptam,
842 466 992 534 indc
1034 466 1316 552 adparet,
1363 467 1532 550 quod
1567 468 1843 536 scaenici
1880 470 2114 536 uetusti
2144 489 2226 536 ea
2252 475 2524 551 utuntur,

183 584 256 646 ιιι
282 573 586 644 ‘incicur'
628 574 944 642 Pacuuius
1001 573 1174 661 apud
1216 574 1479 643 Festum
1529 597 1591 661 p.
1627 577 1785 642 108:
1839 571 2230 659 ‘incicorem‚
2287 576 2530 641 inman-

180 691 437 754 suetum
482 689 551 751 et
590 681 812 751 ferum.
877 681 1224 748 Pacuuius·
1268 682 1542 768 reprime
1587 683 1921 750 incicorem
1965 680 2394 750 iracundiam?

375 790 854 879 Incastiqatus.
904 808 1004 873 ep.
1037 789 1085 872 Ι,
1121 788 1221 873 10,
1250 787 1552 857 452‘1160
1577 811 1678 857 me
1722 790 2002 859 dimittes
2031 787 2524 876 incastigatum’3

191 897 458 966 Ouidius
504 897 698 964 dixit.
731 892 1282 981 ‘inreprehensus'

362 1005 749 1073 laem-atus.
811 1023 911 1089 ep.
940 1003 990 1087 Ι,
1023 1003 1125 1087 16,
1156 1004 1274 1068 24:
1306 1000 1665 1071 ‘stultorum
1723 1003 2009 1071 incurata
2064 982 2270 1091 pudor
2318 1005 2522 1071 malus

191 1113 403 1180 ulcera
442 1108 647 1179 celat?
706 1103 984 1177 ‘'curare
1021 1110 1345 1195 proprium
1400 1111 1662 1177 uerbum
1715 1118 1815 1178 εει
1856 1112 1951 1178 rei
1994 1112 2282 1181 medicae
2325 1109 2530 1197 (uelut

187 1215 490 1288 ‘morbos'
524 1217 747 1286 Celsus
775 1220 1053 1304 prooem.
1085 1202 1365 1283 ‘uulnus'
1405 1216 1626 1285 Liuius
1655 1218 1737 1303 II,
1773 1216 1884 1302 17)
1915 1219 2192 1303 itemque
2220 1216 2528 1287 ‘curatioff

186 1364 276 1376 --
296 1318 675 1393 ‘incuratus-³
717 1324 889 1410 apud
912 1323 1260 1409 Vopiscum
1290 1324 1499 1391 Aurel.
1523 1326 1610 1392 28
1651 1326 1942 1394 recurrit:
1974 1322 2384 1412 ‘nequiquam
2425 1328 2527 1394 nir

184 1434 372 1505 fortis
417 1432 667 1516 reliquit
710 1431 881 1517 quod
925 1438 1038 1498 aut
1079 1431 1492 1517 inperfectum
1538 1432 1861 1501 uideretur
1903 1442 2014 1501 aut
2056 1432 2445 1503 incuratum?

368 1541 787 1629 Inqustatus.
855 1558 907 1606 s.
948 1539 1038 1622 ΙΙ,
1080 1541 1151 1625 8,
1193 1541 1308 1606 3οι
1363 1535 1712 1624 ‘ingustata
1766 1541 1924 1607 mihi
1987 1548 2353 1628 porrexerat
2403 1541 2526 1609 ilia

186 1644 468 1716 rhombi?
538 1647 581 1713 i.
621 1666 677 1713 e.
706 1644 898 1729 ‘quae
954 1653 1144 1714 antea
1195 1667 1322 1713 non
1376 1645 1805 1732 gustaueram'
1864 1634 2059 1716 schol.
2106 1649 2384 1733 Gruquii.
2437 1686 2525 1699 ·—

185 1751 436 1823 Nouam
483 1760 551 1821 et
590 1752 938 1820 inauditam
983 1774 1118 1820 rem
1162 1774 1327 1821 nouo
1372 1755 1566 1821 uerbo
1607 1755 1954 1822 denotauit*

366 1858 890 1931 Inlaem‘mabae'lis
902 1906 929 1941 ,
986 1880 1113 1945 quo
1163 1861 1262 1929 bis
1308 1862 1380 1931 in
1420 1862 1802 1929 carminibus
1846 1862 2057 1929 utitur.
2122 1869 2313 1946 atque
2358 1884 2411 1950 c.
2441 1864 2521 1948 ΙΙ,

191 1970 300 2052 14,
328 1970 403 2036 6:
430 1964 980 2036 ‘inlacrimabilem
1023 1966 1312 2035 Plutona⁹
1359 1975 1458 2039 est
1469 2020 1486 2054 ,
1544 1970 1654 2053 qui
1695 1990 1825 2036 non
1867 1970 2182 2055 lacrimat,
2238 1970 2348 2054 qui
2392 1976 2519 2036 tam

195 2074 617 2143 inmisericors
661 2082 760 2143 est
770 2125 787 2160 ‚
842 2081 913 2143 ut
964 2076 1049 2143 ad
1092 2075 1387 2145 lacrimas
1432 2064 1792 2144 conmoueri
1846 2094 1975 2144 non
2030 2084 2237 2161 queat.
2285 2077 2523 2144 aetina

189 2182 388 2269 igitur
427 2182 884 2270 significatione
927 2183 1202 2269 positum
1247 2188 1363 2269 est,
1409 2182 1762 2251 cuiusmodi
1799 2182 2120 2253 adiectiua
2147 2185 2279 2254 fere
2309 2185 2521 2252 omnia

186 2291 461 2376 conlegit
503 2292 552 2358 Ι.
582 2291 668 2358 M.
700 2291 1020 2358 Gesnerus
1065 2290 1152 2360 ad
1194 2310 1250 2357 c.
1279 2291 1329 2376 Ι,
1360 2292 1421 2375 3,
1453 2291 1559 2358 22.
1603 2325 1693 2339 —-
1737 2293 1904 2360 male
1932 2299 2145 2361 autem
2173 2292 2518 2361 Lambinus

186 2416 332 2464 eum
398 2399 612 2466 multis
683 2399 959 2484 explicat
1000 2393 1137 2482 ‘qui
1201 2397 1477 2466 lacrimis
1545 2419 1673 2465 non
1734 2397 2063 2485 mouetur‚'
2116 2420 2279 2484 quae
2337 2401 2520 2468 inter-

183 2505 476 2591 pretatis,
519 2506 614 2573 uti
657 2506 971 2574 sententia
1012 2514 1166 2592 apta
1209 2513 1324 2590 est,
1368 2507 1459 2574 ita
1501 2527 1584 2573 ex
1626 2507 1828 2574 forma
1858 2503 2521 2576 adiectiui‘inmisera·

184 2607 364 2678 bilis³
408 2610 554 2676 elici
593 2614 765 2680 nullo
808 2613 998 2680 modo
1041 2620 1268 2699 potest.
1328 2620 1427 2681 est
1469 2635 1765 2699 graecum
1809 2614 2113 2700 ἄδακρυς.
2168 2615 2340 2682 idem
2383 2637 2520 2683 uer-

184 2720 337 2787 bum
382 2717 835 2806 Peerlkampus
879 2719 1334 2787 restituendum
1379 2739 1525 2789 esse
1569 2729 1751 2807 putat
1791 2722 1979 2789 Statii
2020 2722 2174 2789 Silu.
2196 2723 2276 2806 Π,
2306 2725 2362 2808 1,
2391 2724 2516 2788 139

185 2827 299 2894 ubi
353 2826 498 2893 libri
551 2825 811 2895 habent:
844 2821 1033 2895 ‘haec
1087 2828 1339 2894 fortuna
1381 2829 1638 2896 domus:
1697 2830 1942 2897 subitas
1983 2830 2242 2896 inimica
2280 2830 2521 2896 leuauit

183 2934 390 3000 Parca
443 2951 688 3000 manus.
762 2953 884 3017 quo
943 2935 1096 3002 diua
1147 2936 1315 3003 feros
1371 2936 1604 3021 grauis
1648 2937 1855 3003 exeris
1913 2937 2207 3021 ungues?
2271 2957 2396 3004 non
2454 2945 2517 3004 te

185 3039 392 3108 forma
449 3046 690 3124 mouet,
745 3061 870 3108 non
925 3050 989 3110 te
1043 3043 1452 3111 lacrimabilis
1505 3050 1685 3111 aetas
1699 3041 1758 3109 ‘?'
1825 3043 2281 3131 Peerlkampns
2333 3044 2520 3130 legit:

211 3167 343 3214 non
398 3153 489 3232 te,
546 3146 1045 3235 inlacrimabilis,
1101 3157 1281 3220 aetas
1292 3148 1354 3216 ‘?'
1392 3186 1478 3198 -——
1533 3171 1612 3218 ac
1665 3169 1821 3217 sane
1880 3150 2187 3219 Glauciae
2239 3153 2516 3237 optimae

183 3254 330 3341 spei
370 3254 620 3322 iuuenis
663 3256 980 3344 praerepti
1023 3265 1203 3326 aetas
1233 3279 1359 3327 non
1403 3258 1541 3326 sine
1571 3259 1848 3341 quadam
1888 3259 2210 3343 cogitandi
2246 3260 2516 3343 ambage

179 3360 592 3432 lacrimabilis
638 3357 768 3430 dici
810 3357 1043 3449 potest,
1103 3365 1345 3433 seilicet
1398 3365 1455 3432 si
1498 3372 1832 3452 praerepto
1875 3367 2106 3435 iuuene
2150 3365 2327 3434 aetas
2373 3386 2515 3433 esse

183 3468 451 3554 desinit3
505 3476 784 3538 attamen
837 3469 904 3535 in
959 3469 1076 3539 hoc
1120 3473 1472 3540 sententiae
1517 3493 1759 3544 conexu
1812 3481 1878 3541 et
1919 3474 2123 3541 forma
2168 3473 2325 3540 satis
2368 3479 2518 3558 apte

185 3575 316 3643 dici
370 3595 559 3663 posse
611 3577 768 3644 mihi
820 3576 1088 3646 uidetur.
1155 3574 1308 3645 ‘non
1362 3585 1424 3646 te
1469 3579 1698 3666 forma,
1756 3602 1880 3649 non
1934 3587 2002 3648 te
2041 3586 2222 3647 aetas
2266 3579 2518 3647 iuuenis

189 3689 424 3767 mouet,
482 3690 552 3751 ut
607 3685 667 3752 ci
719 3704 977 3772 parcas3
1045 3687 1284 3772 quippe
1339 3687 1396 3754 si
1452 3687 1843 3756 interemeris
1897 3687 2302 3755 lacrimabilis
2360 3683 2516 3754 erit?

188 3806 383 3872 quare
422 3791 614 3858 nolim
659 3792 952 3876 equidem
1006 3792 1113 3860 hic
1154 3793 1399 3877 aliquid
1441 3803 1704 3864 mutare.
1785 3795 2258 3864 inlacrimabilis
2302 3800 2512 3862 autem

182 3895 529 3966 uidendum
583 3905 682 3966 est
731 3920 814 3967 ne
866 3901 933 3967 in
988 3901 1110 3969 hac
1175 3902 1477 3970 orationis
1537 3904 1768 3988 forma
1822 3903 2026 3969 Parca
2092 3903 2301 3969 minus
2363 3908 2514 3989 apte
2633 3945 2634 3988 ;

178 4003 444 4072 dicatur.
533 4027 644 4073 cur
697 4008 865 4075 enim
922 4009 1292 4095 interrogat,
1360 4031 1510 4077 num
1566 4011 1767 4077 Parca
1820 4029 2089 4095 parsura
2145 4010 2228 4076 sit
2280 4009 2511 4094 iuueni,

178 4132 324 4180 cum
394 4114 557 4181 sciat
633 4133 775 4179 eam
839 4116 1376 4184 inmisericordem
1445 4118 1631 4184 esse?
1729 4136 2114 4201 quamquam
2179 4137 2304 4184 non
2370 4137 2510 4183 sum
2633 4109 2634 4174 ἶ

177 4219 468 4305 ignms,
544 4219 717 4287 illam
792 4222 1302 4310 interrogatinam
1374 4224 1637 4291 formam
1708 4225 2023 4293 sententia
2089 4222 2635 4379 εάιίπιιαιίοιιίΑ
