2638 4404
1330 49 1375 116 5

166 250 326 299 uero
357 207 457 297 'se
515 226 735 312 habet,
805 225 974 311 quod
1031 220 1282 297 codices
1341 229 1521 314 probi
1579 248 1799 297 omnes
1858 229 2185 331 exhibent,
2225 225 2526 315 ‘tuusque

172 343 397 407 uenter
425 331 861 408 Pactumeius'
905 341 969 402 et
995 356 1152 403 uera
1196 335 1575 403 scholiorum
1612 339 2074 424 interpretatio:
2110 335 2362 406 ‘sensus
2409 346 2525 424 est,

176 454 240 515 et
266 444 675 513 Pactumeius
706 448 806 509 est
834 449 979 510 tuus
1010 450 1248 529 uenter,
1280 444 1321 511 i.
1348 466 1402 511 e.
1434 451 1579 511 tuus
1611 452 1831 531 partus
1862 452 1926 513 et
1953 443 2160 513 filius.²
2190 452 2253 512 et
2276 466 2335 530 q.
2362 466 2412 514 s.
2437 484 2525 494 -

49 552 55 557 ’
171 553 328 639 quid
375 552 504 618 iam
552 550 730 617 dicas
778 549 859 616 de
898 550 1237 617 Francisco
1271 550 1511 618 Rittero
1560 553 1672 635 qui
1714 552 1902 619 huius
1948 554 2127 621 uerbi
2172 574 2374 638 nuper
2417 577 2525 640 pa-

168 671 393 731 tronus
438 658 880 728 securissimus
928 655 1177 725 extitit?
1251 678 1396 726 esse
1442 659 1612 726 enim
1641 655 1978 744 ‘liquorem
2023 658 2252 728 amnii'
2296 683 2378 729 ex
2422 663 2526 728 tri-

171 770 348 859 pode
393 768 542 835 dicit
585 773 649 834 et
694 764 780 832 ad
825 786 883 831 a.
915 786 980 849 p.
1009 763 1096 829 49
1153 761 1241 849 (si
1286 765 1449 835 forte
1493 774 1820 835 necessest
1874 769 2126 835 indiciis
2170 776 2524 837 monstrare

176 876 530 946 recentibus
580 874 823 940 abdita
866 892 1096 939 rerum
1141 879 1204 939 et
1249 892 1309 957 q.
1342 870 1422 959 s.)
1453 871 1948 962 ‘huiuscemodi,
2007 876 2237 961 inquit,
2294 897 2525 945 nomen

181 992 278 1054 est
320 983 505 1071 epod.
542 982 642 1067 17,
673 981 762 1047 50
792 968 1229 1066 ‘partumeius3

351 1091 783 1157 Transeamus
829 1087 915 1155 ad
968 1088 1347 1155 uocabulum
1392 1088 1833 1156 Bentleianum
1889 1089 2294 1175 haeduleae,
2354 1093 2524 1175 quod

166 1220 285 1288 pro
332 1221 411 1267 eo
457 1197 630 1283 quod
675 1195 967 1263 meliores
1013 1194 1265 1263 codices
1311 1194 1564 1282 habent,
1597 1192 1989 1265 ‘Hoediliae³
2033 1218 2088 1265 s.
2113 1194 2522 1285 ‘Haediliae’,

166 1329 364 1377 carm.
395 1307 458 1390 I,
494 1305 601 1389 17,
626 1304 668 1370 9
714 1303 987 1389 scripsit.
1065 1298 1163 1369 ‘ut
1206 1305 1285 1370 ab
1334 1321 1497 1388 equo
1544 1305 1878 1391 equuleus,
1923 1306 2154 1392 inquit,
2200 1309 2281 1374 ab
2327 1307 2521 1375 hinno

163 1414 525 1498 hinnuleus,
570 1412 662 1479 ita
706 1413 789 1479 ab
816 1410 1025 1478 haedo
1059 1409 1429 1481 haeduleus.
1499 1418 1562 1480 et
1600 1414 1807 1499 potuit
1836 1413 2094 1497 quidem
2123 1414 2229 1481 hic
2258 1414 2519 1500 dixisse,

162 1520 468 1590 haedulei
511 1520 726 1606 lupos3
774 1517 892 1585 sed
936 1517 1156 1584 maluit
1198 1539 1401 1603 genus
1445 1519 1837 1605 femininum,
1882 1527 1953 1587 ut
1980 1521 2193 1608 paullo
2230 1529 2378 1591 ante
2423 1545 2521 1591 co-

164 1631 383 1698 lubras
440 1634 504 1695 et
550 1642 781 1693 uxores
828 1624 1053 1692 olentis
1097 1627 1329 1693 mariti.
1420 1628 1642 1711 quidni
1686 1634 1897 1696 autem
1951 1628 2320 1717 hinnuleae3
2376 1653 2518 1698 cum

169 1737 367 1804 Varro
414 1718 650 1801 dixerit
691 1732 920 1800 hinnas
966 1740 1030 1800 et
1072 1734 1337 1818 equulas
1368 1734 1542 1821 apud
1570 1735 1843 1802 Nonium
1876 1737 2241 1804 Marcellum
2275 1734 2359 1825 [p.
2390 1740 2518 1805 122

169 1850 234 1912 et
267 1836 459 1930 106].’
499 1878 589 1890 —
634 1847 702 1908 at
743 1839 850 1907 hic
893 1834 1150 1925 quidem
1194 1841 1294 1908 uir
1339 1842 1680 1927 singularis
1738 1864 1986 1911 errasse
2045 1844 2201 1911 mihi
2223 1845 2515 1913 uidetur.

164 1971 321 2018 nam
364 1950 665 2025 hinnulea
710 1954 775 2016 et
819 1949 1091 2033 equulca
1135 1948 1265 2015 dici
1306 1958 1603 2037 possunt,
1662 1971 1804 2017 cum
1862 1958 1927 2018 et
1979 1951 2178 2019 hinna
2235 1959 2299 2020 et
2352 1973 2519 2036 equa

174 2057 449 2141 dicatur3
504 2056 816 2123 haedulea
859 2062 1073 2123 autem
1117 2076 1244 2121 non
1289 2058 1497 2142 magis
1544 2077 1736 2141 quam
1780 2058 2019 2144 haeda,
2065 2059 2269 2144 hirca,
2316 2065 2514 2145 taura,

169 2182 360 2251 apra,
419 2163 717 2232 Boeckin.
809 2163 1001 2231 immo
1034 2158 1423 2232 ‘Haediliae'
1468 2171 1640 2234 recte
1696 2168 1775 2234 ab
1822 2160 2276 2236 recentissimis
2322 2168 2517 2236 edito-

165 2272 339 2340 ribus
383 2279 706 2360 receptum
765 2277 864 2339 est
913 2276 1061 2358 post
1103 2272 1428 2340 inuentam
1472 2272 1541 2338 in
1586 2274 1724 2342 cod.
1754 2276 2062 2343 Bernensi
2106 2275 2308 2343 hance
2352 2277 2516 2362 glos-

166 2399 333 2447 sam:
378 2373 768 2465 ‘HaediliaeJ
826 2375 1054 2466 mons',
1126 2378 1297 2465 quod
1351 2400 1581 2449 nomen
1636 2382 1850 2469 ipsum
1903 2384 2024 2451 hoc
2078 2389 2320 2451 tantum
2378 2386 2513 2452 loco

163 2494 354 2557 extat.

337 2595 535 2661 Porro
587 2594 907 2662 Daunias
964 2592 1133 2678 quod
1190 2593 1442 2663 codices
1499 2595 1736 2663 habent
1793 2597 1860 2662 in
1918 2618 2108 2666 carm.
2149 2600 2207 2684 Ι,
2249 2601 2365 2685 22,
2411 2602 2511 2685 14,

161 2702 490 2772 Bentleius
548 2701 1006 2769 demonstrauit
1061 2702 1141 2769 ab
1186 2702 1451 2770 Horatio
1506 2723 1634 2769 non
1689 2704 2039 2790 profectum
2095 2727 2257 2774 esse.
2316 2702 2510 2775 “nam

162 2811 428 2893 Graeca,
476 2808 696 2893 inquit,
727 2810 1038 2878 Graecam
1066 2808 1474 2878 inflexionem
1512 2811 1780 2879 libenter
1807 2813 2144 2899 accipiunt,
2188 2821 2258 2881 ut
2287 2814 2511 2901 Cephi-

164 2918 293 2985 sias
341 2937 472 3000 ora,
517 2915 786 2984 Phasias
832 2926 1016 3003 terra,
1046 2907 1339 2985 ⁸Hadrias
1384 2919 1574 3004 unda,
1604 2919 1821 2987 Actias
1853 2919 2160 3007 Orithyia,
2189 2922 2509 3008 Lemnias,

164 3023 452 3111 Scyrias,
514 3020 852 3110 Gnossias,
909 3026 1203 3113 Mynelas
1247 3032 1311 3096 et
1371 3027 1499 3093 alia
1543 3027 1904 3114 innumera3
1964 3048 2127 3112 quae
2184 3036 2398 3097 tamen
2443 3031 2507 3096 in

162 3132 390 3198 Latino
423 3125 735 3198 ‘Daunia’
763 3131 1039 3219 inuitius,
1083 3134 1151 3199 ni
1196 3133 1381 3201 fallor
1424 3132 1807 3202 admittetur.
1875 3134 2000 3203 huc
2030 3137 2293 3222 accedit,
2339 3138 2507 3221 quod

163 3245 228 3305 et
272 3239 480 3324 ipsum
512 3235 854 3312 ‘Daunias’
903 3241 1296 3309 substantiue
1341 3241 1447 3308 hic
1490 3241 1771 3328 ponitur,
1805 3240 2122 3312 ‘militaris
2167 3246 2455 3313 Daunias
2466 3243 2505 3311 ²:

164 3344 336 3427 quod
378 3344 589 3413 adhuc
634 3345 852 3413 durius
897 3353 1010 3431 est,
1058 3367 1249 3431 quam
1294 3347 1352 3415 si
1396 3370 1509 3435 pro
1557 3349 1835 3435 epitheto
1882 3352 2233 3419 haberetur.
2323 3353 2506 3421 Tole-

162 3450 424 3518 rabilius
469 3452 637 3520 enim
695 3453 857 3520 foret
885 3448 1200 3523 ‘Daunias
1244 3454 1477 3542 hasta³,
1535 3459 1640 3525 uel
1668 3456 1986 3525 ‘Daunias
2029 3456 2356 3544 Nympha'
2402 3461 2505 3527 uel

162 3559 477 3628 eiusmodi
520 3561 695 3628 aliud
741 3561 923 3645 quid,
971 3582 1161 3645 quam
1202 3562 1523 3631 ‘militaris
1568 3563 1890 3633 Daunias.²
1939 3560 1943 3564 ’
1978 3573 2191 3654 tamen
2238 3573 2303 3633 et
2347 3567 2503 3633 illud

166 3668 550 3754 refugerunt,
608 3689 750 3735 cum
795 3670 1056 3756 Noster,
1110 3675 1245 3737 tum
1302 3677 1367 3738 et
1394 3671 1715 3757 Virgilius.
1804 3692 1968 3757 quae
2024 3693 2166 3739 cum
2224 3674 2315 3742 ita
2360 3675 2501 3758 sint,

164 3793 290 3839 non
331 3775 537 3843 ausim
567 3796 722 3844 sane
750 3778 1202 3846 uetustissimis
1233 3777 1381 3846 licet
1411 3779 1733 3847 codicibus
1762 3780 1953 3847 fidem
1983 3781 2248 3867 habere3
2295 3801 2501 3865 neque

160 3889 293 3950 tam
337 3879 688 3972 κακόζηλον
731 3885 1063 3954 Horatium
1120 3886 1408 3973 credere,
1468 3893 1539 3954 ut
1594 3888 1768 3955 nulla
1825 3908 1906 3955 ne
1961 3910 2185 3957 uersus
2243 3889 2498 3973 quidem

154 3989 537 4059 necessitate
593 3998 855 4078 cogente
897 3990 1246 4064 ‘Daunias'
1302 3993 1568 4078 diceret,
1634 4015 1777 4062 cum
1835 3995 1902 4061 in
1959 4003 2253 4083 promptu
2310 4003 2497 4080 esset,

155 4098 326 4184 quod
372 4118 537 4166 nunc
583 4099 893 4169 editiones
938 4110 1224 4191 occupat,
1254 4101 1539 4170 ‘Daunia
1584 4100 1650 4166 in
1695 4100 1882 4171 latis?
1949 4103 2103 4170 illud
2137 4109 2350 4168 tamen
2380 4102 2502 4187 dif-x

153 4207 315 4274 ficile
363 4206 536 4274 dictu
581 4214 709 4293 est,
764 4209 934 4279 unde
977 4212 1103 4279 nisi
1129 4185 1242 4279 ‘ab
1295 4210 1441 4297 ipsa
1483 4208 1733 4278 Horatii
1776 4230 1968 4278 manu
2010 4208 2343 4296 prouenire
2386 4228 2494 4294 po·
2513 4257 2629 4372 ᾼΙ
