2638 4404
1288 56 1374 122 19

142 232 396 320 lesen'',
479 234 596 301 sed
663 233 856 302 etiam
920 232 1114 301 fidem
1177 234 1580 320 pretiumque
1645 233 2037 319 singulorum
2103 234 2287 303 codd.
2354 254 2500 304 eum
2623 232 2624 237 ’

143 342 517 431 respexisse
560 342 700 409 ueri
743 341 951 409 simile
996 347 1125 427 est3
1172 348 1238 408 et
1278 341 1502 408 habuit
1547 348 1840 437 quattuor
1879 342 2171 428 optimos.
2237 342 2504 430 insuper
2623 348 2624 355 ’

146 450 495 520 Bernensis
552 449 1023 517 uetustissimus
1092 447 1500 534 inpermissa'
1558 449 1768 518 habet.
1873 451 1991 519 sed
2049 452 2180 518 iam
2236 452 2502 519 missam

149 559 464 628 faciamus
510 557 799 624 codicum
845 557 1280 625 auctoritatem
1328 563 1391 624 et
1433 557 1643 643 ipsam
1688 579 1822 626 rem
1852 580 1974 644 age
2005 558 2499 626 consideremus.

144 667 344 753 igitur
370 662 850 751 ‘inpermissus’
894 684 1018 747 quo
1062 664 1200 732 iure
1236 686 1277 731 a
1304 665 1613 731 Paldamo
1639 664 2114 735 ‘monchisches
2144 665 2327 746 ἅπαξ
2356 663 2501 748 λεγί

142 773 525 858 nominetur,
569 773 780 840 nullus
824 772 1034 839 uideo,
1101 772 1503 840 formatumst
1547 773 1716 841 enim
1753 774 2128 842 rectissime.
2191 796 2278 842 an
2323 773 2503 859 forte,

152 882 310 967 quia
363 881 842 967 deconpositum
899 880 1042 948 est‘?
1129 887 1197 947 at
1238 880 1616 968 inresectus,
1668 882 2035 969 inretortus,
2081 883 2501 967 inreuocatus,

156 989 420 1056 inemori
462 976 714 1056 Horatii
768 995 916 1055 sunt
971 994 1035 1055 et
1068 1004 1280 1071 ‘aeque
1326 986 1443 1052 ἅπ.
1474 988 1603 1072 λεν.
1693 996 1861 1058 certe
1905 1010 2031 1075 quo
2075 991 2203 1058 alio
2245 990 2502 1057 nomine

156 1096 307 1163 illud
352 1117 491 1163 uoc.
523 1096 832 1162 Paldamo
856 1095 1272 1182 displicuerit
1313 1097 1550 1163 nescio.
1620 1116 1786 1180 quae
1829 1119 1982 1166 uero
2012 1105 2333 1184 postremo
2362 1098 2502 1165 loco

150 1205 441 1291 disputat
507 1203 822 1271 eiusmodi
889 1211 1061 1288 sunt,
1128 1210 1199 1270 ut
1252 1203 1430 1270 aliud
1487 1224 1634 1271 eum
1700 1205 1914 1290 egisse
1965 1207 2160 1292 ¹plane
2214 1212 2502 1291 arguant,

144 1333 299 1379 nam
347 1312 497 1396 ipsa
539 1311 650 1377 illa
689 1309 938 1377 Horatii
982 1312 1179 1377 uerba
1222 1330 1389 1395 quae
1435 1310 1847 1395 insequentur
1876 1309 2022 1381 ‘sed
2065 1313 2246 1381 iussa
2290 1332 2502 1380 coram

142 1440 274 1487 non
325 1418 467 1485 siue
511 1418 761 1485 conscio
805 1418 1008 1503 surgit
1047 1415 1303 1485 marito³
1346 1427 1717 1504 argumento
1758 1428 1920 1506 sunt,
1966 1421 2349 1508 inpermissa
2391 1422 2505 1488 illa

147 1525 396 1613 gaudia
436 1526 702 1592 Horatio
747 1527 890 1594 uisa
934 1546 1098 1594 esse.
1187 1525 1344 1592 dicit
1386 1527 1590 1594 enim:
1620 1522 1884 1616 ‘Neque
1910 1529 2108 1614 eligit
2151 1529 2256 1595 cui
2297 1529 2503 1615 inper-

147 1632 353 1701 missa
397 1632 639 1717 gaudia
681 1633 898 1720 donet,
959 1636 1084 1700 sed
1134 1633 1327 1700 iussa·
1368 1653 1579 1701 coram
1634 1656 1760 1702 non
1819 1635 1959 1703 sine
2001 1636 2254 1703 conscio
2299 1637 2506 1722 surgit

144 1738 415 1809 marito?
461 1778 551 1787 —-
604 1747 880 1808 ceterum
934 1741 1244 1808 dictiones
1291 1740 1461 1808 illius
1494 1736 1903 1828 ‘inpermissa
1941 1741 2211 1829 gaudia'
2257 1744 2499 1812 similes

145 1849 525 1936 conparauit
568 1848 909 1934 Bentleius‚
956 1867 1145 1932 quem
1190 1848 1407 1916 adeas.

338 1957 737 2024 Inrcsectus.
785 1956 971 2042 epod.
1001 1956 1062 2041 5,
1094 1958 1214 2022 47:
1242 1955 1379 2024 ‘hic
1423 1956 1804 2025 inresectum
1845 1978 2044 2026 saeua
2081 1958 2271 2027 dente
2300 1959 2499 2026 liuido

14 2042 15 2055 ¹
84 2060 89 2067 ’
152 2062 435 2129 Canidia
484 2065 711 2131 rodens
766 2059 1104 2148 pollicem’,
1160 2063 1202 2129 i.
1234 2085 1289 2131 e.
1335 2064 1596 2150 ⁴pollicis
1652 2084 1931 2150 unguem
1984 2087 2113 2133 non
2166 2075 2499 2136 reseetum.

146 2165 471 2239 ‘resecare
509 2164 811 2258 ung‘uem'
856 2169 1096 2238 Colum.
1131 2172 1190 2256 6,
1226 2172 1343 2257 12,
1385 2173 1456 2258 33
1500 2172 1709 2240 Valer.
1738 2174 1907 2242 Max.
1943 2175 2013 2260 3,
2050 2176 2121 2260 2,
2161 2175 2273 2262 153
2308 2171 2501 2244 ‘rese-

143 2299 300 2346 care
342 2279 637 2368 capillos²
681 2278 870 2346 Ouid.
901 2286 1047 2346 met.
1086 2278 1183 2344 XI
1195 2329 1211 2363 ,
1259 2269 1415 2365 '1823
1460 2274 1678 2348 ‘coma
1728 2288 1793 2349 et
1836 2284 2034 2349 barba
2090 2281 2366 2351 resecta'
2408 2285 2498 2351 id.

143 2386 341 2453 Trist.
364 2389 438 2472 V,
473 2390 530 2474 7,
567 2390 650 2455 18
684 2394 748 2455 et
776 2387 921 2471 IIII,
957 2388 1057 2471 10,
1081 2387 1187 2461 58,
1217 2385 1647 2473 ‘praesectum
1677 2389 1983 2475 unguem’
2011 2390 2312 2458 Horatius
2344 2413 2401 2457 a.
2432 2414 2497 2477 p.

145 2494 287 2560 294
331 2494 514 2560 dixit.
559 2532 648 2543 —
691 2496 785 2561 nil
828 2494 1038 2561 dicam
1084 2495 1166 2562 de
1207 2515 1517 2581 peruersa
1545 2498 1940 2580 quorundam
1982 2499 2500 2585 interpretatione

143 2607 222 2668 ut
249 2602 335 2669 sit
363 2621 482 2686 pro
515 2596 729 2670 ‘ualde
772 2600 1057 2688 sectum’,
1103 2623 1231 2686 qua
1260 2603 1344 2669 de
1373 2624 1435 2669 u.
1467 2604 1517 2669 I.
1541 2604 1645 2670 Fr.
1670 2603 1974 2672 Gronouii
2019 2609 2265 2675 obseru.
2296 2608 2358 2691 I,
2389 2609 2497 2673 23.

326 2710 727 2777 Inretorcus.
773 2732 826 2777 c.
856 2712 950 2796 II,
993 2711 1064 2795 2,
1108 2710 1224 2775 23:
1267 2705 1583 2795 ‘quisquis
1638 2712 1914 2796 ingentis
1972 2715 2153 2781 oculo
2197 2715 2497 2782 inretorto

144 2822 401 2902 spectat
444 2815 765 2903 aceruos'3
826 2818 995 2902 quod
1042 2838 1187 2885 cum
1240 2819 1327 2885 sit
1368 2814 1575 2886 ‘oculo
1630 2841 1757 2887 non
1817 2819 2093 2906 retorto',
2148 2822 2498 2890 uidendum

144 2930 250 2991 est
291 2923 585 3011 primum,
632 2925 785 3007 quid
830 2926 1147 3011 significet
1173 2921 1452 2992 ‘oculum
1495 2947 1548 2993 s.
1580 2927 1795 2995 oculos
1831 2927 2239 3016 retorquere',
2283 2938 2355 2997 ut
2398 2952 2497 2997 ca-

143 3051 413 3099 ueamus
471 3052 514 3097 a
559 3030 892 3107 multorum
948 3034 1363 3121 interpretum
1418 3036 1751 3103 erroribus.
1821 3036 1950 3103 Cic.
1982 3036 2164 3104 Catil.
2204 3039 2298 3123 ΙΙ,
2346 3040 2386 3117 ἓ
2422 3040 2495 3104 23

139 3133 350 3205 ‘Iacet
392 3139 501 3205 ille
543 3157 714 3204 nunc
757 3148 1136 3228 prostratus,
1185 3141 1480 3227 Quirites,
1527 3149 1591 3210 et
1633 3163 1706 3210 se
1749 3143 2109 3230 perculsum
2156 3152 2346 3229 atque
2389 3147 2498 3212 ab·

139 3245 381 3312 ieet-um
426 3265 575 3314 esse
619 3246 839 3332 sentit,
898 3256 961 3315 et
1001 3258 1322 3360 retorquet
1372 3250 1587 3317 oculos
1629 3252 1914 3337 profecto
1957 3272 2156 3338 saepe
2201 3253 2287 3318 ad
2330 3252 2498 3319 hane

137 3353 395 3456 urbem,
451 3373 644 3438 quam
704 3373 741 3421 e
802 3355 935 3421 suis
992 3319 1283 3427 faucibus
1338 3364 1621 3445 ereptam
1677 3380 1822 3426 esse
1876 3357 2089 3444 luget?
2176 3365 2499 3443 retorquet

140 3460 344 3543 igitur
399 3461 610 3529 oculos
667 3462 751 3529 ad
810 3464 1030 3530 urbem
1087 3485 1278 3549 quam
1336 3471 1539 3549 curat,
1595 3485 1788 3549 quam
1845 3466 2078 3534 habere
2132 3474 2299 3532 auct.
2402 3468 2500 3533 sie

145 3566 308 3633 Silio
336 3567 481 3652 XII,
515 3572 642 3637 729
676 3567 1070 3658 ‘respectans
1101 3570 1264 3639 abit'
1308 3572 1366 3638 is
1412 3574 1521 3656 qui
1561 3574 1797 3640 inuitus
1840 3574 1990 3640 abit.
2056 3573 2252 3657 igitur
2279 3581 2496 3641 nostro

149 3670 291 3738 loco
333 3676 580 3744 oculum
622 3700 749 3745 non
793 3685 1114 3763 retorquet
1158 3679 1243 3746 ad
1289 3699 1552 3748 aceruos
1598 3681 1674 3766 is,
1721 3681 1831 3765 qui
1865 3700 1974 3746 eos
2006 3682 2349 3747 contemnit
2375 3702 2496 3747 nec

143 3779 476 3866 possidere
521 3793 714 3872 optat.
804 3794 872 3854 at
926 3809 1107 3873 uere,
1168 3808 1333 3872 quae
1378 3789 1679 3856 Horatius
1737 3787 1917 3872 dicit,
1960 3782 2302 3873 ‘spectare
2336 3789 2496 3855 inre-

139 3892 313 3955 torto
358 3891 555 3959 oculo'
601 3895 642 3961 i.
675 3915 729 3962 e.
774 3917 902 3963 non
946 3895 1278 3963 reflectens
1326 3898 1574 3966 oculum
1621 3895 1708 3962 ad
1751 3915 2033 3980 aceruos,
2078 3917 2287 3963 nonne
2332 3892 2495 3962 ἀσύ-

142 4011 351 4061 ozam
407 4007 552 4066 sunt
607 4010 1088 4089 repugnantque
1146 4003 1407 4072 secum‘?
1510 4003 1653 4087 quis
1710 4003 1879 4069 enim
1934 4010 2147 4090 potest
2204 4011 2494 4089 spectare

138 4103 413 4190 aliquid,
485 4107 654 4190 quod
710 4131 752 4176 a
808 4116 987 4195 tergo
1050 4120 1175 4196 est,
1231 4113 1362 4179 nisi
1418 4110 1667 4182 oculum
1725 4112 2088 4193 retorquet?
2186 4116 2379 4193 atque
2435 4111 2492 4175 is

139 4212 400 4296 quidem
447 4217 778 4302 scrupulus
825 4219 1089 4287 summis
1134 4219 1291 4287 uiris
1339 4219 1610 4286 iniectus
1653 4237 1799 4285 esse
1843 4217 2124 4301 uidetur,
2166 4216 2338 4299 quod
2381 4220 2491 4281 aut

1992 4320 2068 4359 9*

2519 4299 2625 4359 A
