2638 4404
1326 1 1478 121 13‘

187 233 363 305 sario
409 250 526 302 suo
570 239 702 300 tam
748 231 977 305 multas
1023 248 1214 305 uoces
1259 252 1344 307 ex
1387 232 1651 301 Horatio
1704 239 1946 302 sumtas
1990 231 2293 319 explicat,
2348 232 2533 303 intor-

186 348 477 430 pretatur
519 339 832 424 aesculus,
875 360 1001 407 non
1047 339 1455 409 aesculetum.
1523 340 1738 413 inueni
1781 341 1954 428 apud
2000 340 2203 409 solum
2237 341 2531 427 Papiam:

189 450 443 519 esculus
457 498 474 532 ,
544 444 697 517 inde
750 446 1095 515 esculetum
1109 498 1126 532 ,
1195 447 1368 515 sicut.
1411 437 1734 516 oliuetum.
1836 454 1902 519 et
1954 447 2300 519 comment.
2344 447 2534 533 Cruq.

185 558 275 625 ad
320 557 405 624 H.
453 575 647 623 earm.
679 555 741 621 9.
785 575 881 625 us.
917 556 975 622 7.
1024 550 1140 622 ‘Ut
1179 554 1432 641 pineta,
1480 555 1785 642 esculea,
1827 555 2064 641 uineta,
2109 556 2204 625 sic
2246 562 2312 625 et
2354 575 2535 640 quer-

183 671 342 734 ceta·
380 664 675 733 dicuntur
714 662 884 747 loca,
939 662 1050 733 ubi
1093 663 1329 730 multae
1375 682 1641 747 quercus
1696 660 2074 733 nascuntur?
2113 700 2203 713 -
2248 670 2317 733 at
2358 670 2542 733 extat

188 771 376 859 apud
416 771 685 858 optimos
726 777 1036 855 auetoreS‚
1082 771 1428 839 Varronem
1474 770 1557 839 de
1599 771 1641 837 l.
1670 771 1710 837 1.
1743 771 1798 840 V
1843 772 1883 851 ἓ
1918 771 2044 839 152
2091 777 2155 841 et
2186 771 2350 838 Plin..
2374 792 2437 841 n.
2467 771 2534 841 11.

197 880 316 963 16,
360 879 463 964 10,
506 880 612 945 37.
681 878 875 947 Vicus
921 878 1091 945 enim
1135 885 1272 947 erat
1315 879 1558 947 Romae
1598 879 2021 947 Aeseuletum.
2107 899 2259 964 ergo
2302 879 2390 947 in·
2411 878 2538 947 hoc

194 987 386 1056 uerbo
430 1007 557 1053 non
601 985 1132 1054 offendendumst.
1221 985 1454 1053 deinde
1500 983 1596 1069 (ut
1638 987 1985 1073 periculum
2029 986 2261 1055 faciam
2306 985 2534 1055 diiudi-

192 1092 409 1178 candi,
465 1093 715 1163 Horatii
772 1093 857 1162 sit
910 1093 1073 1163 haec
1114 1090 1427 1180 ‘stropha'
1484 1090 1710 1179 necne)
1752 1089 2096 1165 ‘Daunias'
2152 1114 2346 1181 supra
2401 1094 2528 1160 iam

186 1201 483 1269 Bentleio
540 1220 909 1270 concessum
968 1207 1070 1271 est
1125 1202 1207 1268 ab
1250 1200 1515 1269 Horatio
1570 1201 1875 1287 scriptum
1930 1222 2090 1273 esse,
2133 1218 2261 1269 non
2317 1222 2528 1287 posse.

185 1304 547 1379 ‘militaris'
589 1314 801 1379 autem
829 1314 1002 1377 recte
1030 1307 1486 1395 Peerlkampus
1519 1315 1713 1394 negat
1745 1309 1830 1379 ad
1873 1308 2189 1381 horrenda
2231 1310 2534 1379 animalia

185 1417 434 1499 facere;
489 1415 679 1485 immo
723 1423 1099 1503 perpetuum
1144 1423 1227 1484 et«
1249 1416 1547 1502 generale
1588 1415 1694 1484 hic
1738 1417 2062 1503 epitheton
2106 1423 2233 1502 est,
2276 1438 2403 1484 non
2448 1438 2529 1485 ex

181 1524 381 1592 huius
433 1523 556 1591 1001
610 1524 750 1591 solo
796 1524 1130 1593 enascitur.
1219 1543 1386 1606 quae
1438 1536 1590 1591 ue'ro
1635 1524 1883 1593 Peerlk.
1928 1524 2137 1592 addit:
2169 1519 2359 1593 ‘mira
2411 1531 2530 1593 ter-

182 1652 400 1700 rarum
443 1630 610 1699 adeo
655 1630 1020 1701 dissitamm
1065 1631 1439 1700 coniunctio.
1504 1651 1707 1717 parua
1735 1632 1960 1701 Italiae
1996 1651 2150 1718 pars
2195 1640 2258 1700 et
2300 1632 2526 1717 ingens

183 1722 441 1807 Africae
499 1736 804 1823 regnum’,
861 1738 1086 1807 horum
1139 1759 1406 1807 acumen
1461 1737 1757 1822 equidem
1800 1759 1927 1806 non
1972 1738 2289 1824 intellege.
2377 1760 2526 1807 nam
2627 1754 2633 1783 ·

184 1866 352 1930 quae
395 1852 603 1914 terrae
647 1846 871 1915 bestiis
916 1846 1370 1916 formidolosae·
1391 1846 1669 1915 maxime
1701 1853 1766 1914 et
1793 1852 2009 1914 essent
2037 1854 2102 1915 et
2127 1846 2528 1931 haberentur,

185 1954 285 2021 eis
326 1953 434 2020 1110
474 1974 588 2039 pro
635 1954 946 2040 exemplis
966 1998 969 2001 -
990 1955 1083 2022 uti
1127 1955 1332 2042 potuit
1385 1960 1576 2041 poeta
1629 1953 2044 2040 geographici
2090 1974 2310 2023 earum
2365 1954 2524 2025 situs

184 2066 261 2126 et
341 2060 608 2129 ambitus
687 2082 967 2130 securus.
1076 2069 1398 2148 postremo
1464 2061 1827 2129 uniuersam
1879 2056 2256 2153 ‘stropham'⁸
2323 2062 2526 2146 siquis

185 2165 424 2235 dixerit
475 2167 559 2236 ad
614 2169 912 2239 carminis
967 2170 1297 2237 consilium
1361 2177 1427 2240 et
1485 2169 1862 2240 sententiam
1916 2190 2044 2238 non
2067 2232 2073 2240 .
2096 2170 2525 2240 necessariam

181 2294 348 2360 esse,
394 2276 547 2360 quin
590 2279 785 2346 etiam
831 2297 974 2345 cum
1016 2278 1208 2348 totius
1234 2278 1536 2347 carmin-is
1566 2279 1772 2348 colore
1815 2278 2196 2365 discrepare,
2241 2280 2393 2363 quia
2437 2278 2526 2344 in-

180 2384 515 2452 nocentiae
561 2386 916 2471 securitati,
963 2408 1004 2452 a
1046 2386 1325 2472 periculo
1370 2394 1543 2455 tutae
1588 2407 1667 2454 ac
1710 2386 1952 2453 timoris
1997 2387 2259 2472 ignarae
2268 2437 2290 2472 „
2333 2406 2523 2471 quam

179 2494 312 2557 toto
356 2492 636 2560 carmine
680 2499 874 2579 poeta
917 2492 1252 2577 describat,
1297 2516 1426 2561 non
1470 2494 1804 2562 conueniat
1847 2494 1982 2581 lupi
2025 2515 2170 2564 enm
2211 2494 2521 2582 adspectu

180 2595 250 2663 in
293 2603 539 2664 tantum
581 2606 884 2668 terrorem
929 2600 1149 2686 conici,
1193 2608 1264 2668 ut
1305 2601 1457 2689 lupo
1501 2602 1741 2669 nullum
1785 2603 2036 2688 uspiam
2081 2602 2354 2671 atrocius
2384 2623 2522 2688 por-

178 2709 425 2771 tentum
482 2704 752 2773 inueniri
796 2707 1162 2775 contendat:
1219 2708 1350 2776 has
1392 2729 1544 2778 uero
1602 2710 2073 2779 concedendum
2134 2716 2239 2778 est
2289 2709 2521 2782 ratiun-

177 2811 358 2879 culas
404 2832 551 2880 esse
594 2819 660 2880 et
700 2814 1061 2883 lenissimas
1106 2816 1392 2901 singulas
1437 2823 1503 2884 et
1543 2838 1625 2886 ne
1665 2818 2036 2886 coniunctas
2061 2817 2319 2902 quidem
2361 2819 2518 2887 satis

176 2918 480 3010 idoneam
525 2920 830 2989 rationem
869 2922 1238 3008 efficientes,
1286 2924 1515 3007 quibus
1558 2926 1785 2994 melius
1829 2926 2281 2994 abstineamus.
2355 2945 2518 3010 quae

176 3045 325 3092 cum
369 3026 462 3093 ita
507 3026 662 3112 sint,
718 3029 875 3096 nihil
919 3031 1290 3098 offensionis
1335 3032 1735 3117 relinquitur,
1793 3033 1921 3101 nisi
1975 3034 2146 3118 quod
2177 3029 2519 3100 ‘Daunias‘

174 3134 348 3202 male
391 3134 730 3202 formatum
775 3143 838 3204 et
869 3132 1217 3206 ‘militaris'
1257 3140 1556 3224 generale
1616 3147 1682 3207 et
1733 3161 1965 3208 ornans
2024 3140 2350 3228 epitheton
2401 3147 2517 3207 est.

175 3248 249 3308 at
290 3240 451 3309 haec
493 3262 646 3310 uero
690 3263 816 3310 non
859 3247 1018 3313 tanti
1061 3248 1365 3315 momenti
1408 3255 1783 3333 argumenta
1827 3269 1972 3317 esse
2017 3249 2173 3316 mihi
2206 3248 2515 3334 uidentur,

177 3368 348 3433 quae
389 3350 753 3419 uniuersam
784 3343 1158 3438 ‘stropham'
1204 3355 1646 3441 interpolatam
1685 3375 1830 3425 esse
1860 3357 2253 3425 conuincant.
2322 3375 2518 3439 quare

178 3453 479 3539 equidem
522 3458 820 3543 adducor,
865 3465 934 3526 ut
967 3453 1307 3541 ‘Daunias'
1355 3464 1611 3531 credam
1654 3465 1719 3530 in
1766 3465 1967 3533 ueteri
2009 3463 2239 3532 mendo
2286 3466 2516 3532 cubare

176 3562 364 3630 nobis
426 3563 552 3631 iam
619 3566 961 3635 insanabili
1028 3566 1271 3652 (qualia
1337 3573 1660 3657 complura
1726 3579 1872 3641 sunt
1925 3571 2109 3659 apud
2165 3572 2513 3656 Horatium,

182 3669 355 3736 uelut
386 3666 604 3742 ‘limen
632 3672 946 3761 Apuliae²,
981 3670 1385 3760 ‘fabulaeque
1430 3677 1695 3765 manes’,
1729 3675 1884 3747 ‘iam
1927 3680 2135 3747 uirum
2170 3678 2512 3767 expertae',

178 3770 453 3847 ‘matura
494 3781 673 3866 uirgo
681 3778 729 3868 ²)
742 3833 759 3867 ,
813 3783 1336 3868 submouisseque
1379 3786 1554 3854 aliud
1598 3787 1769 3872 quid,
1812 3808 1928 3874 per
1971 3788 2144 3872 qnod
2174 3784 2510 3857 ‘militaris'

175 3882 501 3970 epitheton
545 3881 1002 3974 significantius
1048 3898 1113 3958 et
1156 3891 1368 3978 aptius
1410 3893 1608 3961 fieret.
1674 3931 1676 3935 Δ

350 3992 701 4064 Mantissae
743 3998 885 4065 uice
928 3997 1035 4065 hie
1061 3999 1297 4066 addam
1325 3987 1424 4066 '111
1454 4002 1853 4069 substantiua
1880 4002 2130 4072 Horatii
2157 4004 2511 4071 rarissima:
2629 3969 2632 4084 ff

172 4098 513 4187 adlapsus
569 4104 754 4188 epod.
800 4106 833 4170 1
850 4155 870 4189 ,
913 4107 1029 4172 20:
1074 4102 1226 4174 ‘adL
1270 4108 1659 4194 serpentium
1668 4106 1705 4193 ²,
1764 4110 1934 4192 quod
1979 4111 2152 4196 apud
2189 4109 2510 4178 Valerium
2631 4129 2632 4178 1

168 4206 431 4276 Maxim.
457 4210 510 4295 Ι,
541 4209 583 4277 6
625 4217 826 4279 extat:
859 4207 1190 4303 ‘adlapsus
1231 4215 1618 4303 serpentium
1658 4214 1904 4302 areeri',
1944 4223 2015 4285 ut
2054 4216 2633 4363 Peerlkampusd
