2638 4404
1304 52 1393 119 28

168 223 321 292 dum
376 224 590 293 omnia
643 226 1105 313 qualiacunque
1158 238 1306 299 sunt
1364 234 1658 320 exempla
1712 234 2056 305 conferunt.
2158 260 2308 311 nam
2361 260 2497 310 cum

167 334 455 420 λήκυθος
509 354 625 402 uas
692 336 1155 422 pigmentorum
1223 348 1428 425 esset,
1489 340 1637 408 hine
1702 342 1789 410 ad
1856 352 2143 412 ornatum
2202 349 2497 417 orationis

167 441 652 525 significandum
696 443 1138 530 adhibebatur,
1198 446 1373 514 uelut
1418 446 1548 515 Cic.
1593 469 1694 535 ep.
1739 449 1826 516 ad
1868 448 1997 527 Att.
2041 453 2103 538 I,
2153 455 2237 520 14
2276 453 2499 523 ‘tntum

165 548 332 615 hunc
373 551 581 616 locum
625 570 814 635 quem
854 601 870 617 .
897 602 913 617 .
940 602 955 618 .
994 553 1167 619 soleo
1213 553 1494 639 pingere,
1538 555 1624 622 de
1664 555 1938 643 flamma,
1985 557 2069 627 de
2112 561 2277 629 ferro
2309 558 2499 646 (nosti

163 657 307 725 illas
350 654 706 745 ληκύθους)
751 658 940 726 ualde
982 661 1261 745 grauiter
1303 663 1646 748 pertexuit3
1703 671 1770 731 et
1804 664 1968 731 Plin.
2009 686 2111 753 ep.
2153 669 2187 734 I
2197 718 2215 754 ,
2258 671 2319 735 2.
2409 671 2500 738 sic

161 762 479 850 ληκύθιον
530 785 781 849 quoque
837 766 1009 853 apud
1068 768 1295 854 Synes.
1340 790 1404 855 p.
1435 770 1523 835 55
1568 769 1666 836 Q:
1734 769 2057 858 ληκύθιον
2112 776 2319 842 αἰτεῖν
2370 777 2416 843 i.
2445 798 2498 845 e.

159 872 463 939 orationis
509 881 878 941 ornamenta
936 882 1192 961 captare
1206 927 1224 960 ,
1281 883 1348 942 et
1403 875 1774 962 ληκυθίζειν
1815 881 2031 958 θέσεις
2074 883 2249 967 apud
2291 884 2499 953 Strab-

156 979 318 1045 XIII
361 1002 425 1068 p.
456 980 589 1047 609
636 980 676 1047 i.
708 1002 763 1048 e.
809 982 981 1050 locos
1028 1003 1391 1051 communes
1436 991 1787 1070 pertexere.
1830 1022 1919 1035 --
1962 989 2137 1075 apud
2163 990 2497 1060 Horatium

156 1094 369 1156 autem
413 1088 559 1174 ipsa
604 1091 918 1157 sententia
970 1091 1257 1176 requirit,
1314 1098 1386 1158 ut
1437 1091 1568 1158 alia
1623 1093 1876 1161 notione
1906 1091 2292 1182 ‘ampullari’
2338 1101 2501 1168 acci·

154 1195 382 1281 piatur.
451 1192 741 1282 λήκυθος
784 1198 952 1264 enim
994 1199 1136 1267 siue
1180 1206 1440 1284 propter
1491 1195 1744 1284 βόμβον
1788 1202 1898 1285 qui
1946 1206 2194 1283 γίνεται
2232 1211 2379 1291 περὶ
2424 1202 2496 1274 τὸ

154 1298 476 1389 ληκύθιον
519 1304 593 1369 ἐκ
634 1306 750 1369 τοῦ
793 1304 1328 1389 ἐμπεριεχομένου
1368 1302 1545 1392 αὐτῷ
1589 1303 1786 1392 daque,-
1825 1315 2237 1395 κινουμένου,
2279 1311 2325 1400 ἢ
2363 1309 2496 1382 nim)

154 1410 517 1496 πνεύματος
568 1408 814 1496 ἀνδρὸς
871 1410 916 1498 ἢ
967 1406 1080 1478 ὑπ’
1137 1409 1345 1478 ἄλλου
1415 1408 1639 1496 (uerba
1696 1421 1843 1482 sunt
1895 1416 2089 1484 schol.
2144 1418 2499 1506 Hephaest.

154 1519 224 1602 6,
276 1514 343 1603 1)
398 1539 513 1586 seu
571 1519 724 1602 quia
777 1519 1059 1605 λήκυθοι
1110 1525 1182 1585 ut
1233 1519 1552 1604 ampullae
1591 1518 1783 1589 ‘uasa
1833 1523 2196 1593 uentricosa
2247 1523 2316 1611 (l.
2345 1548 2500 1596 uen-

150 1621 394 1711 truosa)
440 1634 635 1711 erant,
682 1626 895 1694 adhuc
936 1627 1106 1695 enim
1150 1628 1466 1713 ampullas
1503 1647 1808 1697 uocamus
1840 1633 2028 1715 quasi
2053 1631 2276 1700 inflata
2303 1633 2500 1703 uasa'

152 1730 249 1816 (ut
303 1732 496 1801 schol.
540 1733 801 1818 Cruquii
858 1742 924 1802 et
974 1734 1139 1802 Acro
1204 1735 1291 1801 ad
1347 1757 1407 1802 a.
1449 1757 1511 1820 p.
1554 1736 1637 1801 97
1698 1733 2042 1820 inquiunt),
2109 1740 2498 1823 significauit

144 1838 410 1926 inflata,
455 1841 726 1926 grandia
756 1843 968 1925 uerba,
1013 1841 1361 1908 orationem
1390 1842 1716 1926 tumidam,
1759 1838 1876 1907 τὸν
1900 1843 2152 1926 βόμβον
2187 1842 2306 1910 τὸν
2329 1871 2496 1930 τρα-

146 1946 331 2028 γικόν
388 1944 486 2034 (ut
530 1948 723 2015 schol.
758 1946 1105 2034 Hephaest.
1149 1949 1241 2014 ait
1282 1943 1426 2031 1.1.)
1486 1944 1594 2032 (cf.
1635 1947 2045 2035 ληκυθιοτής,
2089 1948 2494 2037 κοιλόφωνος

146 2056 320 2142 apud
344 2055 732 2143 Hesychium
757 2062 821 2122 et
842 2054 1212 2142 ληκυθίζειν
1230 2076 1337 2142 ap.
1353 2056 1745 2146 Pouucssll,
1773 2056 1930 2142 1143
1954 2056 2149 2124 schol.
2168 2056 2493 2144 Aristoph.

146 2163 302 2231 Ach.
331 2164 484 2232 589.
528 2163 734 2232 Bekk.
758 2163 876 2230 An.
908 2184 970 2250 p.
995 2162 1101 2248 50,
1128 2160 1217 2251 8),
1246 2164 1418 2231 unde
1447 2162 1872 2233 Callimachus
1902 2163 2210 2251 tragicam
2235 2164 2494 2235 Musam

146 2277 431 2340 Μοῦσαν
474 2270 828 2360 ληκύθειον
870 2271 1223 2358 adpellauit
1266 2268 1356 2356 (u.
1387 2272 1569 2357 frgm.
1601 2273 1733 2339 319
1762 2267 1873 2358 Β),
1923 2273 2140 2357 itaque
2183 2273 2494 2342 Horatius

145 2401 203 2447 a.
243 2401 308 2464 p.
337 2380 422 2446 97
480 2379 665 2446 dicit:
707 2378 729 2404 ‘
737 2380 965 2466 proicit
1020 2378 1336 2465 ampullas
1394 2387 1459 2446 et
1515 2379 1992 2467 sesquipedalia
2045 2377 2287 2466 uerba',
2342 2381 2385 2447 i.
2429 2400 2490 2449 e.

142 2487 468 2572 grandem,
511 2486 948 2571 tumidamque
993 2487 1343 2553 orationem
1388 2486 1620 2554 omittit
1663 2495 1728 2555 et
1769 2487 1993 2553 humili
2036 2507 2328 2556 sermone
2370 2488 2490 2556 uti-

143 2602 261 2662 tur.
329 2595 438 2662 illo
482 2596 675 2681 igitur
717 2594 1130 2682 epistularum
1174 2594 1315 2661 loco
1344 2594 1646 2662 Horatius
1691 2594 1847 2662 dicit
1889 2594 1956 2659 in
1988 2601 2244 2680 poetam
2271 2594 2488 2681 ipsum

142 2702 464 2770 translatis
519 2722 685 2788 quae
738 2708 932 2788 poeta
986 2701 1240 2769 fabulae
1294 2702 1586 2787 personis
1642 2701 1885 2769 tribuit:
1943 2701 2190 2787 tragica
2239 2703 2489 2788 ampul-

141 2811 306 2877 latur
358 2811 427 2876 in
468 2817 605 2877 arte
648 2810 692 2876 i.
723 2830 779 2876 e.
825 2809 1094 2894 tumide,
1152 2809 1488 2894 grandius,
1543 2816 1615 2877 ut
1667 2810 1739 2875 in
1792 2808 2155 2894 tragoedia,
2210 2809 2488 2893 loquitur

141 2925 212 2986 ut
253 2918 468 3004 paullo
512 2924 703 2985 antea
744 2917 937 2984 dixit:
969 2912 1313 2984 ‘interdum
1356 2925 1570 2985 tamen
1597 2922 1663 2984 et
1690 2936 1913 2984 uocem
1944 2916 2275 2984 comoedia
2302 2916 2484 3001 tollit,

138 3025 465 3108 iratusque
509 3024 811 3092 Chremes
857 3025 1112 3092 tumido
1166 3021 1234 3109 (i.
1273 3045 1327 3092 e.
1359 3019 1722 3109 ‘tragoedia
1765 3019 1991 3109 digno³
2034 3022 2223 3107 Cruq.
2258 3020 2483 3110 schol.)

141 3132 431 3217 delitigat
475 3152 583 3200 ore
635 3140 700 3202 et
752 3132 1031 3217 tragicus
1086 3133 1172 3218 pl.
1220 3133 1394 3199 dolet
1447 3151 1756 3199 sermone
1796 3131 2112 3216 pedestri
2157 3130 2482 3217 Telephus

141 3246 205 3308 et
258 3236 516 3311 Peleus?
572 3235 680 3324 (cf.
736 3240 940 3307 Bentl.
982 3239 1088 3306 ad.
1133 3258 1186 3306 c.
1233 3240 1292 3324 I,
1338 3240 1455 3324 34,
1500 3235 1589 3324 6).
1647 3275 1733 3286 —
1769 3234 2161 3325 ‘ampullari’
2215 3240 2480 3306 uerbum

140 3347 214 3414 Ο.
243 3347 505 3415 Iahnius
549 3346 1008 3416 restituendum
1065 3367 1211 3415 esse
1268 3346 1516 3414 censuit
1569 3341 1596 3423 (
1597 3346 1665 3412 in
1707 3340 2230 3430 Phi101.1‚171)
2273 3346 2482 3414 Persii

138 3456 354 3523 uersui
394 3456 512 3522 tali
556 3452 645 3538 (5,
681 3450 810 3539 19).
864 3453 1021 3521 ‘non
1064 3454 1360 3539 equidem
1390 3454 1512 3521 hoc
1540 3454 1765 3522 studeo
1797 3450 2194 3540 ampullatis
2224 3461 2297 3520 ut
2323 3453 2482 3521 mihi

137 3560 371 3647 nugis',
414 3563 524 3630 ubi
567 3562 714 3632 libri
740 3559 1056 3648 ‘pullatis'
1097 3562 1361 3646 habent,
1420 3563 1728 3648 probante
1770 3560 2180 3628 Lachmanno
2225 3558 2479 3647 (comm.

137 3671 321 3738 Lucr.
350 3670 467 3754 VI,
519 3670 687 3736 1067
733 3691 798 3756 p.
827 3666 1019 3755 414),
1078 3688 1206 3754 qua
1262 3669 1622 3738 coniectura
1666 3647 1980 3736 sententia
2023 3676 2194 3736 certe
2236 3669 2480 3755 optima

137 3778 424 3846 efficitur.
513 3797 780 3845 caesura
822 3784 1037 3844 tamen
1079 3776 1366 3862 legitima
1405 3796 1606 3845 necne
1651 3776 1752 3861 sit,
1795 3776 2193 3860 grammatici
2239 3784 2480 3845 certant

140 3880 227 3969 (u.
257 3884 645 3952 Lachmann.
679 3885 720 3952 l.
751 3885 792 3952 l.
838 3892 904 3953 et
946 3886 1096 3952 Luc.
1126 3885 1409 3952 Mueller.
1456 3883 1538 3952 de
1583 3904 1653 3952 re
1695 3890 1875 3952 metr.
1920 3904 1983 3970 p.
2019 3880 2195 3967 196).

322 3992 666 4059 Graecari.
716 4013 767 4060 s.
798 3993 879 4078 Π,
912 3994 971 4079 2,
1008 3996 1120 4060 ll:
1152 3991 1239 4060 ‘si
1283 3993 1572 4059 Romana
1616 3991 1843 4078 fatigat
1886 3991 2112 4060 militia
2141 3991 2473 4060 adsuetum

136 4096 461 4182 graecari?
527 4098 568 4163 i.
603 4119 658 4165 e.
710 4119 939 4184 graeco
997 4122 1170 4169 more
1225 4101 1349 4185 uti,
1405 4119 1704 4185 graecum
1760 4120 2000 4168 morem
2054 4100 2255 4185 sequi.
2304 4097 2474 4167 ‘con-

136 4203 468 4289 graecare'
495 4205 756 4273 Plautus
778 4207 1007 4275 Bacch.
1028 4209 1176 4294 1111,
1197 4208 1260 4294 4,
1281 4209 1367 4275 91
1393 4205 1599 4295 (743),
1614 4205 2064 4296 ‘pergraecari’
2095 4208 2183 4275 id.
2203 4206 2470 4275 Mostell-

45 4309 151 4370 R
1120 4365 1125 4371 .
