2638 4404
1289 38 1376 108 18

155 221 350 288 uerbo
393 219 489 288 sic
531 234 687 288 usus
732 217 874 286 est?
953 236 1073 288 nec
1116 220 1448 289 Horatium
1502 228 1632 289 tam
1679 223 2033 313 κακόζηλον
2076 225 2276 296 fuisse
2320 234 2495 315 puta·

153 328 354 395 uerim
367 379 384 413 ,
439 333 511 395 ut
561 346 856 413 graecam
916 334 980 396 et
1034 329 1411 415 praesertim
1464 330 1849 401 homericam
1906 334 2244 403 dictionem
2300 328 2495 405 latino

154 437 349 502 uerbo
392 455 471 502 eo
516 435 870 521 exprimere
912 436 1298 521 institueret,
1358 438 1529 522 quod
1574 461 1616 506 a
1659 439 1773 505 tali
1814 441 2071 510 notione
2111 443 2304 530 plane
2349 444 2493 512 alie·

152 564 305 610 num
359 549 549 612 esset.
647 563 731 610 ne
786 542 1104 628 Vergilius
1161 543 1450 631 quidem,
1520 548 1630 630 qui
1697 555 1828 614 tam
1883 550 2097 616 multis
2152 551 2494 620 Homerum

153 651 434 719 imitatus
493 656 622 735 est,
679 650 774 716 sic
825 649 1000 734 loqui
1057 670 1252 719 ausus
1307 659 1424 721 est.
1526 653 1708 721 latini
1764 655 2060 723 dicebant
2105 652 2498 725 ‘infandum'

151 778 305 844 ergo
346 765 411 826 ct
453 758 796 826 nominatis
840 765 906 826 et
946 759 1246 826 ominatis
1289 761 1651 846 respuenda
1705 770 1880 848 sunt,
1936 764 2497 851 reponendumquc

148 865 478 934 lenissima
515 867 862 934 mutatione
902 884 1047 935 cum
1076 866 1362 935 Bentleio
1392 870 1793 955 aptissimum
1827 872 2234 940 imminutis.
2272 868 2498 940 ‘male'

149 974 320 1041 enim
364 970 422 1042 si
467 993 610 1041 cum
653 974 876 1059 uerbo,
934 973 1037 1041 cui
1082 975 1235 1049 mali
1278 976 1452 1042 notio
1498 976 1690 1062 inest,
1748 977 2056 1065 iungitur,
2111 1000 2237 1046 non
2281 981 2496 1049 minus

148 1101 384 1167 augere
429 1100 620 1166 quam
665 1082 950 1150 minuere
995 1081 1277 1149 adiuncti
1321 1103 1458 1151 uoc.
1505 1085 2032 1171 significationem
2076 1092 2304 1174 potest.
2334 1136 2337 1140 Α

325 1190 798 1275 Inpermissus.
858 1210 911 1256 c.
943 1189 1068 1274 III,
1113 1191 1185 1275 6,
1219 1190 1338 1257 27:
1381 1186 1614 1277 ‘neque
1672 1193 1850 1278 eligit
1901 1193 2005 1260 cui
2049 1194 2243 1263 donet
2284 1196 2496 1281 inper—

147 1297 346 1364 missa
387 1297 620 1384 raptim
663 1294 933 1382 gaudia.²
1023 1296 1197 1366 idem
1243 1297 1730 1385 Oudendorpius
1787 1299 1856 1365 in
1901 1302 2252 1370 recentiore
2296 1311 2493 1389 poeta

144 1405 602 1473 restituendum
658 1411 877 1473 censet
933 1425 1061 1473 non
1116 1405 1594 1491 inprobabiliter
1648 1403 1738 1491 (u.
1779 1406 1991 1473 Burm.
2033 1407 2286 1477 Anthol.
2319 1410 2431 1477 lat.
2463 1412 2494 1476 I

144 1534 208 1599 p.
243 1508 420 1598 143).
486 1512 770 1599 pessime
813 1532 1018 1598 nuper
1058 1512 1127 1578 in
1170 1512 1293 1580 hcc
1336 1533 1474 1580 uoc.
1504 1513 1792 1581 inuectus
1825 1520 1924 1581 est
1951 1512 2296 1586 Paldamus
2325 1516 2493 1589 Mun.

144 1619 344 1687 Rhen.
391 1627 435 1686 t.
465 1620 581 1705 VI,
628 1621 760 1686 633
807 1614 892 1705 (a.
929 1615 1129 1704 1848)
1187 1619 1290 1687 his
1337 1621 1582 1689 uerbis:
1638 1620 1734 1688 Zu
1790 1620 2107 1707 beklagen
2161 1624 2275 1710 ist,
2329 1624 2492 1693 dasz
2587 1706 2588 1711 ,

50 1808 56 1813 ⁴
142 1727 261 1794 wir
289 1727 464 1794 nicht
490 1729 649 1794 uber
676 1726 782 1794 die
812 1727 1040 1794 Lesart
1068 1727 1183 1794 der
1210 1727 1534 1795 Blandinii
1568 1715 1978 1797 unterrichtet
2007 1730 2170 1796 sind.
2217 1731 2492 1819 Bentley

142 1835 458 1921 hemerkt,
503 1833 886 1922 inpermissa
932 1834 1026 1901 sei
1072 1834 1259 1917 lectio
1303 1835 1657 1921 priscarum
1702 1836 1846 1903 edd.
1894 1842 1958 1905 et
2000 1835 2273 1922 plurium
2319 1839 2492 1904 codi-
2587 1844 2588 1859 ¹

144 1962 285 2010 cum
340 1937 508 2027 (also
563 1942 711 2009 sehr
756 1941 1092 2010 schwache
1135 1938 1476 2046 Autoritat)
1487 1993 1504 2027 ,
1564 1943 1870 2010 wahrend
1927 1943 2288 2010 intermissa
2344 1964 2491 2010 aus-

143 2049 472 2117 drtlcklich
516 2050 614 2117 als
654 2050 883 2117 Lesart
924 2056 1108 2135 guter
1137 2049 1333 2117 Hdss.
1372 2070 1496 2117 von
1526 2049 1896 2137 Bersmann,
1941 2051 2159 2134 Palm„
2202 2049 2492 2137 Bentley,

141 2154 368 2245 Orelli,
423 2157 881 2245 Vanderbourg
932 2158 1123 2225 notirt
1177 2157 1310 2226 und
1363 2176 1487 2226 von
1532 2157 1695 2227 Acro
1737 2158 2043 2243 bestatigt
2082 2157 2263 2226 wird.
2344 2158 2491 2226 Wie

140 2265 478 2334 malerisch
522 2266 608 2333 ist
652 2266 865 2334 dieses
910 2266 1290 2350 intermissa,
1336 2267 1460 2333 wie
1494 2266 1659 2334 farb-
1687 2266 1819 2333 und
1854 2264 2337 2350 geschmacklos
2368 2265 2489 2333 das
2587 2265 2588 2292 ff

140 2373 548 2441 monchische
613 2372 796 2453 ἅπαξ
850 2370 1201 2457 λεγόμενον
1241 2368 1690 2459 ‘inpermissa',
1746 2372 2048 2456 welches,
2106 2378 2324 2458 streng
2380 2394 2490 2458 ge-

139 2501 453 2564 nommen,
497 2480 662 2547 nach
694 2480 1053 2548 romischen
1083 2481 1404 2565 Begriffen
1433 2501 1551 2566 gar
1579 2480 1753 2548 nicht
1783 2479 2015 2547 einmal
2042 2477 2223 2545 wahr
2252 2480 2351 2564 ist,
2399 2480 2489 2547 da

140 2588 247 2655 die
289 2587 458 2655 Frau
515 2589 718 2674 surgit
759 2610 886 2655 non
943 2590 1082 2656 sine
1137 2590 1391 2656 conscio
1437 2589 1681 2657 marito.
1725 2622 1814 2635 -
1858 2594 2050 2670 atque
2093 2586 2268 2654 aliud
2314 2594 2489 2655 certe

141 2697 372 2780 agebat
414 2696 515 2763 uir
558 2696 984 2779 doctissimus,
1030 2716 1173 2763 cum
1216 2695 1380 2764 haec
1423 2696 1693 2783 scripsit.
1760 2694 2084 2762 Bentleius
2126 2693 2295 2761 enim
2339 2712 2488 2759 cum

140 2803 433 2871 adnotat:
462 2802 848 2870 “Pulmanni
891 2804 1093 2871 codex
1123 2811 1188 2872 et
1216 2803 1539 2871 Galeanus
1568 2808 1800 2887 noster,
1833 2797 2280 2886 ‘intermissa'3
2324 2800 2491 2868 alter

139 2910 502 2995 Pulmanni,
550 2917 614 2977 et
657 2910 922 2978 Achillis
968 2911 1157 2978 Statii
1200 2911 1386 2996 liber,
1421 2906 1827 2996 ‘improuisa'
1916 2909 2033 2977 sed
2073 2915 2248 2977 recte
2290 2907 2490 2975 habet
2587 2917 2588 2958 ἒ

138 3017 488 3104 priscarum
535 2997 883 3085 editionum
929 3025 993 3086 et
1036 3018 1309 3105 plurium
1341 3018 1628 3086 codicum
1658 3016 1860 3102 lectio,
1894 3015 2303 3104 ‘inpermissa
2331 3038 2485 3101 gau-

139 3122 301 3211 dia'3
358 3125 481 3194 etsi
524 3146 709 3193 nemo
753 3133 1069 3211 ueterum,
1124 3127 1296 3210 quod
1343 3124 1763 3208 meminerim,
1822 3125 1988 3192 hanc
2040 3146 2261 3192 uocem
2306 3144 2485 3191 usur·
2559 3149 2560 3152 ¹

137 3229 465 3319 pauerit³';
511 3232 782 3301 hancine
825 3240 995 3301 recte
1040 3234 1280 3300 dixeris
1314 3226 1484 3344 ‘ejne
1530 3232 1679 3300 sehr
1721 3233 2055 3301 schwache
2096 3227 2485 3299 Autorititt‘?³

140 3341 332 3407 immo
363 3341 646 3408 maxima
663 3336 1099 3427 ‘inpermissa'
1127 3340 1347 3406 nititur
1374 3341 1764 3409 auctoritate.
1820 3341 1936 3409 sed
1965 3339 2242 3407 nescitur
2269 3339 2483 3426 uulgo,

139 3468 331 3532 quam
374 3447 769 3515 admirabilis
815 3447 1088 3516 Bentleii
1145 3436 1343 3534 opera
1397 3449 1481 3515 sit
1523 3448 1588 3515 in
1632 3447 2021 3517 recensendo
2065 3445 2359 3531 Horatio,
2416 3449 2483 3515 in

138 3575 267 3640 qua
310 3576 380 3623 re
423 3562 602 3623 tanta
647 3555 980 3640 diligentia
1023 3561 1325 3640 tantoque
1369 3556 1605 3623 iudicio
1636 3558 1870 3641 ubique
1912 3562 2206 3622 uersatus
2250 3561 2365 3638 est,
2411 3562 2484 3623 ut

139 3663 333 3731 etiam
376 3664 486 3730 ubi
531 3664 675 3731 silet
720 3664 803 3731 de
848 3664 1135 3732 codicum
1179 3663 1466 3749 lectione,
1512 3664 1579 3731 id
1624 3663 1796 3749 quod
1838 3663 2079 3749 recepit
2120 3662 2187 3728 in
2222 3661 2481 3748 optimis

137 3771 462 3838 codicibus
519 3778 735 3838 extare
791 3772 1235 3857 conligendum
1294 3773 1395 3840 sit.
1485 3771 1699 3854 itaque
1756 3769 1878 3838 hoc
1932 3771 2071 3837 loco
2127 3791 2271 3837 cum
2326 3769 2483 3838 dicit

133 3872 435 3963 ‘plurium
479 3878 767 3947 codicum
811 3879 1143 3948 lectionem
1190 3899 1336 3947 esse
1380 3875 1807 3966 inpermissa’,
1861 3878 1930 3944 id
1987 3895 2114 3945 non
2159 3879 2252 3945 ita
2295 3878 2481 3946 aesti-

139 3985 441 4053 mandum
487 3994 614 4070 est,
670 4007 861 4071 quam
907 3989 964 4056 si
1005 3990 1056 4054 I.
1088 3989 1386 4074 Henryus
1444 3987 1511 4052 in
1557 3985 1869 4070 Philologi
1913 3986 2264 4053 nouissimo
2307 3992 2480 4052 tomo

140 4086 350 4176 (XVII
378 4113 442 4181 p.
474 4089 633 4178 629)
664 4091 731 4161 in
758 4094 1162 4168 Aduersariis
1192 4094 1561 4181 Virgilianis
1606 4093 1761 4161 dicit
1789 4088 1986 4160 “weil
2010 4114 2136 4161 von
2167 4093 2249 4158 47
2283 4091 2478 4158 hand·

139 4199 330 4285 naha,
386 4202 492 4269 die
537 4201 641 4269 ich
683 4204 939 4289 geprust
981 4203 1178 4290 habe,
1234 4204 1323 4272 42
1357 4195 1651 4289 ‘templa'
1694 4191 1826 4269 und
1882 4221 2003 4268 nur
2034 4201 2086 4269 *5
2120 4193 2476 4286 ‘templum'
