2638 4404
1351 61 1437 127 39

216 248 402 312 eerte
444 264 487 310 a
530 241 775 312 Seneea
828 240 970 326 ipse
1022 240 1130 309 ille
1172 239 1366 307 Ennii
1419 258 1643 309 uersus
1687 234 2092 326 ‘uituperatus
2117 244 2240 337 ‘est
2279 235 2367 323 (u.
2407 235 2568 306 Gell.

214 353 379 438 XII,
409 347 493 437 2)
520 357 586 418 et
614 339 873 428 Quintil.
902 349 983 433 Π,
1018 347 1119 433 15,
1149 348 1194 415 4
1238 347 1474 419 diserte
1519 346 1706 419 dieitz
1736 345 1976 430 ‘neque
2017 347 2186 416 euim
2230 345 2386 413 mihi
2427 365 2567 432 per-

216 459 515 528 miserim
556 457 781 526 eadem
827 456 919 525 uti
960 455 1402 540 deelinatione,
1446 475 1575 539 qua
1610 455 1853 522 Ennius
1887 454 1973 521 M.
2008 453 2354 540 Cethegum
2388 452 2568 521 Sua-

219 570 366 638 dae
428 565 769 634 medullam
835 561 1057 635 uoeat?
1157 570 1432 633 eeterum
1498 563 1953 651 adpeuauuum
2006 555 2346 643 ‘Suadela'
2397 580 2569 639 nune

217 674 406 763 apud
460 670 751 741 Plautum
805 677 1049 740 tautum
1106 676 1171 740 et
1222 671 1605 758 Appuleium
1663 677 1881 739 extare
1929 669 2200 739 uidetur.
2236 706 2326 719 --
2381 690 2568 757 porro

220 784 509 851 loeorum
536 781 795 849 nomina
822 777 1176 848 Bandusia
1203 774 1284 864 (e.
1305 779 1419 863 ΠΙ,
1448 780 1549 863 13,
1576 774 1661 863 1),
1694 777 2020 866 Digentia
2042 772 2169 864 (ep.
2191 778 2242 863 Ι,
2269 778 2370 863 18,
2395 773 2570 863 104),

217 888 561 959 Ηαεάὶῖία
614 883 695 973 (e.
724 887 786 971 Ι,
834 886 947 971 17,
982 881 1084 972 9),
1143 884 1485 955 Mandela
1542 886 1672 972 (ep.
1701 886 1761 971 Ι,
1810 886 2130 973 18‚=105;
2162 880 2572 955 ‘Mandelana

220 989 478 1066 massa'
516 997 585 1063 in
627 994 809 1063 titulo
854 992 1043 1062 Orell.
1084 990 1260 1081 104).
1939 1030 1944 1037 ·

404 1104 631 1175 Finem
685 1102 874 1170 huius
928 1102 1291 1189 scriptionis
1348 1099 1657 1171 faciamus
1716 1100 1812 1171 eis
1868 1100 2345 1188 enumerandis,
2403 1121 2570 1186 quae

222 1212 510 1300 quadam
563 1210 766 1279 forma
822 1209 1021 1278 semel
1074 1192 1490 1296 reperiuntur.
1565 1229 1644 1278 ae
1699 1208 1971 1296 primum
2029 1208 2286 1294 quidem
2336 1229 2569 1279 memo-

219 1320 434 1391 randa
497 1319 696 1387 haeee
761 1317 1134 1405 partieipia:
1204 1326 1576 1387 svamm
1641 1337 1695 1386 s.
1735 1318 1796 1402 Ι,
1835 1318 1908 1402 4,
1949 1318 2039 1383 44
2104 1323 2169 1384 et
2220 1318 2567 1387 monam

221 1427 419 1515 epod.
450 1425 510 1512 2,
540 1428 624 1494 51
672 1421 786 1511 (de
839 1427 1067 1510 quibus
1114 1446 1175 1495 u.
1219 1425 1424 1495 Bentl.
1468 1425 1555 1493 ad
1600 1445 1786 1497 wrm.
1813 1426 1868 1510 1,
1901 1426 1962 1509 8,
1989 1425 2110 1510 41;
2151 1423 2235 1494 ef.
2279 1424 2357 1492 G.
2387 1426 2462 1492 Τ.
2491 1425 2567 1493 A.

220 1534 541 1620 Kruegeri
586 1554 850 1618 gramm.
893 1554 959 1620 p.
987 1529 1160 1619 120).
1190 1570 1279 1581 —
1318 1532 1554 1601 deinde
1597 1533 2043 1625 eonparatiuus
2089 1532 2388 1601 adieetiui
2404 1527 2568 1602 ‘eae-

225 1639 372 1712 eus'
418 1661 607 1710 serm.
634 1641 684 1726 Ι,
715 1639 775 1725 2,
804 1640 886 1707 91
914 1636 1156 1725 (quam
1200 1641 1461 1709 satiram
1504 1640 1818 1727 permulta
1859 1640 2208 1725 singularia
2250 1640 2568 1711 continere

223 1752 356 1819 i‘am
412 1743 752 1833 uidimus):
784 1742 894 1816 ‘ne
951 1748 1230 1834 eorporis
1285 1747 1527 1835 optima
1583 1748 1825 1834 Lyneei
1878 1747 2300 1835 oontemplero
2350 1748 2566 1834 oeulis,

225 1859 538 1946 Hypsaea
594 1855 865 1924 caecior
918 1852 1066 1923 illa?
1130 1855 1240 1923 ubi
1294 1861 1465 1925 reete
1518 1855 1897 1944 Porphyrio:
1930 1850 2214 1927 ‘Plautia
2262 1856 2569 1945 Hypsaea

224 1965 518 2032 uitiosos
577 1964 801 2033 oeulos.
848 1962 1151 2032 habuisse
1206 1963 1464 2050 dieitur,
1519 1984 1714 2048 quam
1770 1964 1876 2035 hie
1930 1985 2148 2033 amare
2189 1965 2256 2035 in
2298 1965 2567 2033 transitu

234 2067 576 2158 percussit?
643 2070 880 2139 fallitur
937 2071 1108 2139 euim
1161 2070 1594 2156 Heindorfius,
1660 2073 1832 2154 quod
1894 2072 2143 2141 seribit:
2174 2067 2333 2142 ‘Der
2385 2072 2568 2160 Spott

232 2198 455 2265 weg-eu
506 2179 625 2249 der
665 2177 1231 2265 Augensehwitehe
1281 2186 1456 2249 ware
1511 2180 1627 2250 des
1671 2179 1967 2250 Diehters
2011 2180 2376 2268 unwanum
2431 2201 2568 2250 war

228 2287 327 2356 sie
379 2287 574 2374 vollig
627 2287 834 2374 blind,
893 2287 1066 2355 daun
1119 2287 1205 2356 ist
1256 2286 1398 2357 hier
1449 2289 1604 2358 kein
1649 2288 1860 2377 Spott‚
1914 2290 2047 2358 und
2102 2303 2234 2357 nun
2290 2295 2421 2358 erst
2461 2310 2568 2375 ge·

224 2395 482 2463 winnen
524 2396 631 2464 die
658 2395 875 2464 Worte
920 2394 1055 2465 ihre
1099 2392 1325 2464 KraftS
1345 2433 1434 2444 —
1463 2418 1613 2466 nam
1654 2397 1929 2484 primum
1967 2397 2195 2466 melius
2229 2397 2566 2486 diseemus‚

223 2508 481 2574 netem
531 2503 617 2572 de
657 2503 760 2571 his
804 2502 986 2571 aliter
1030 2504 1313 2573 sensisse
1357 2509 1423 2573 et
1466 2505 1748 2592 eorporis
1783 2505 1984 2578 *etiam
2029 2505 2189 2574 uitia
2232 2506 2565 2593 derisisse3

223 2630 349 2678 nee
374 2608 629 2678 omniuo
672 2611 1074 2698 intellegitur,
1118 2631 1229 2680 eur
1257 2611 1466 2696 magis
1495 2612 2014 2684 eontumeliosum
2046 2613 2130 2681 sit
2156 2614 2564 2686 uitiositatem

227 2716 548 2786 oculorum
591 2736 781 2801 quam
826 2718 1198 2789 eaecitatem
1243 2718 1551 2789 deridere.
1610 2718 1847 2788 derisio
1886 2728 2100 2790 tamen
2129 2721 2195 2787 in
2224 2721 2328 2794 his
2353 2722 2564 2792 uerbis

225 2826 441 2894 inesse
496 2824 715 2910 debet,
765 2848 849 2896 ne
905 2828 1120 2914 inepte
1177 2827 1470 2911 loquatur
1521 2827 1842 2898 Horatius.
1910 2827 2145 2896 deinde
2201 2830 2259 2896 si
2305 2850 2563 2917 prorsus

226 2953 420 3003 eaeea
462 2938 601 3002 erat
645 2933 983 3020 Hypsaea,
1032 2935 1444 3021 conparatiuo
1490 2937 1762 3003 oaeoior
1804 2936 1896 3006 uti
1938 2936 2129 3023 plane
2171 2957 2298 3008 non
2341 2939 2562 3025 potuit,

227 3062 371 3110 eum
427 3041 755 3109 absolutae
807 3044 1132 3112 eaeeitatis
1175 3042 1584 3129 gradationes
1628 3043 1839 3112 nullae
1885 3044 2029 3112 sint.
2075 3051 2414 3131 postremo
2457 3047 2562 3114 ab·

228 3148 486 3217 surdum
542 3153 680 3216 erat
735 3155 973 3218 eertam
1026 3138 1337 3237 aliquam,
1391 3147 1761 3238 Hypsaeum
1816 3152 2172 3239 nominare,
2227 3153 2286 3220 si
2330 3152 2412 3222 de
2458 3155 2562 3222 ab·

228 3257 433 3325 soluta
482 3256 795 3325 eaeeitate
850 3259 1109 3344 agebat,
1166 3278 1309 3327 eum
1367 3259 1662 3346 permulti
1716 3266 1886 3328 eerte
1937 3261 2179 3328 Romae
2237 3260 2412 3328 eaeei
2457 3281 2562 3329 ex·

230 3368 450 3434 tarent.
481 3365 576 3433 sie
605 3363 772 3432 enim
794 3364 881 3433 M.
904 3365 1222 3453 Hauptius
1244 3367 1311 3434 in
1336 3366 1570 3435 seholis
1601 3369 1857 3453 egregie
1884 3369 2113 3437 Heind.
2137 3367 2452 3436 refutauit.
2473 3405 2563 3417 -

229 3488 436 3555 neque
474 3479 689 3542 tamen
733 3473 873 3543 sine
918 3474 1210 3561 exemplo
1255 3474 1495 3542 dietum
1540 3481 1639 3544 est
1677 3495 1905 3544 eaeeus
1935 3475 2018 3543 de
2046 3474 2391 3547 uitiositate
2421 3496 2565 3544 oeu-

225 3580 457 3664 lorum,
516 3602 665 3649 nam
716 3582 813 3650 ita
849 3576 1132 3650 ‘'surdus
1179 3602 1378 3669 saepe
1431 3582 1516 3651 de
1570 3602 1647 3651 eo
1702 3582 1812 3668 qui
1865 3603 2090 3670 parum
2143 3583 2324 3653 audit
2374 3591 2440 3654 et
2493 3586 2564 3652 in

231 3688 632 3775 eonparatiuo
674 3696 1033 3778 usurpatur.

400 3796 722 3866 Aduerbia
764 3797 1220 3868 adieetiuorum
1262 3796 1464 3867 haeee
1508 3797 1684 3886 apud
1718 3797 1921 3865 solum
1949 3796 2283 3868 Horatium
2312 3804 2562 3867 extant.

408 3902 667 3971 GeBde.
723 3925 782 3974 a.
822 3929 887 3994 p.
923 3907 1084 3973 171.
1117 3900 1342 3976 ‘senex
1398 3923 1502 3976 res
1554 3905 1761 3973 omnis
1804 3904 2054 3973 timide·
2047 3903 2405 3992 gelideque
2448 3907 2565 3975 mi-

225 4007 488 4079 nistrat?
525 4011 780 4106 gehdus
821 3990 1207 4083 adieetiuum
1242 4014 1366 4082 hae
1393 4014 1651 4082 notione
1681 4013 1917 4082 dietum
1946 4033 2259 4099 nusquam
2289 4014 2562 4102 repperi.

228 4116 479 4185 Coelius
532 4118 601 4185 in
654 4118 786 4187 Oie.
831 4141 933 4208 ep.
978 4122 1067 4189 ad
1119 4122 1270 4191 fam.
1303 4123 1364 4206 8,
1399 4123 1500 4206 10,
1542 4122 1583 4188 3
1641 4121 1804 4190 dixit
1832 4116 2092 4209 ‘frigide
2146 4114 2386 4208 ager-0³3
2441 4120 2561 4188 sed

228 4244 423 4312 ⁸⁸09&
464 4225 701 4314 legitur
738 4227 908 4312 quod
950 4227 1100 4298 huie
1128 4228 1512 4298 eontrarium
1540 4237 1656 4316 est,
1690 4225 1990 4300 ‘salidus'
2023 4225 2132 4316 (ef.
2162 4228 2291 4297 Oie.
2322 4229 2583 4377 inuexit:
