2638 4404
2000 1 2089 6 x*
2318 0 2607 21 -.x-†.ffr-q

1293 48 1384 117 30

162 223 273 308 qui
314 244 389 292 se
432 225 695 293 retrahit
739 228 992 295 abstare
1036 227 1174 296 siue
1219 229 1556 297 absistere
1573 236 1743 299 recte
1774 230 2021 318 dicitur,
2066 230 2236 301 idem
2280 240 2489 303 tamen
2605 300 2606 315 ἶ

161 350 350 416 quom
396 353 468 401 se
510 334 789 420 retraxit,
835 335 1036 402 abest.

30 502 31 537 ἶ
338 436 787 510 Adlaborare.
835 463 935 529 ep.
969 444 1028 527 8,
1060 443 1176 508 20:
1207 440 1345 510 ore
1389 440 1888 511 adlaborandum
1922 452 2022 514 est
2048 444 2195 515 tibi?
2241 447 2282 513 i.
2313 467 2370 514 e.
2407 447 2491 516 ad

30 546 31 567 ¹
160 547 438 632 aliquam
492 570 625 617 rem
679 551 983 617 laborare.
1073 570 1206 617 rem
1264 551 1472 636 tetigit
1526 552 1865 629 Lindenbr.
1894 554 1980 620 ad
2009 554 2221 641 Priap.
2256 556 2359 622 12.
2402 592 2493 605 --
2605 534 2606 545 ἵ

30 670 31 683 ’
160 660 223 721 et
280 676 332 721 c.
375 657 434 741 Ι,
479 658 593 742 38,
633 657 677 724 5
729 655 1032 742 ‘simplici
1098 656 1257 723 nihil
1324 659 1654 727 adlabores
1722 659 2011 746 sedulus,
2081 660 2264 729 curo?
2352 663 2395 730 i.
2436 684 2509 731 e.-
2605 726 2606 757 ¹

155 763 501 831 laborando
547 708 803 831 addere.
860 758 1079 832 ‘uelim
1122 765 1283 832 nihil
1319 773 1572 852 praeter
1614 774 1887 855 myrtum
1932 767 2019 836 ad
2064 769 2341 837 conuiuii
2383 769 2494 837 ad-

56 864 59 865 ’
156 878 447 955 paratum
488 869 837 940 adhibeas.
895 867 1004 956 (de
1036 881 1263 941 constr.
1294 896 1355 943 u.
1386 875 1644 942 Lachm.
1674 876 1857 943 Lucr.
1885 896 1948 962 p.
1970 876 2151 961 362).
2181 914 2270 926 —-
2312 898 2495 964 prae-

154 982 330 1046 terea
384 978 589 1046 delab.
637 977 906 1066 (semel),
960 982 1139 1067 elab„
1185 982 1376 1049 inlab.
1422 979 1676 1068 (semel)
1719 989 1955 1052 extant.

335 1086 668 1155 Adsuere.
717 1111 775 1159 a.
808 1111 871 1175 p.
908 1090 1021 1155 16.
1061 1084 1251 1157 ‘unus
1299 1097 1363 1157 et
1406 1091 1565 1158 alter
1607 1092 1896 1159 adsuitur
1938 1087 2226 1180 pannus?

338 1192 894 1286 Circumqemere.
944 1198 1129 1283 epod.
1163 1199 1263 1282 16,
1294 1197 1466 1264 51:‘
1467 1220 1591 1266 ‘nec
1632 1201 2031 1286 uesper-tinus
2062 1200 2500 1284 circumgemit

151 1320 339 1370 ursus
384 1302 590 1371 ouile?
609 1338 699 1351 ——
733 1326 988 1390 gemere
1018 1305 1102 1371 de
1132 1304 1263 1371 ursi
1292 1325 1449 1371 uoce
1493 1306 1657 1372 dixit
1699 1308 1891 1373 etiam
1932 1306 2204 1375 Ouidius
2230 1313 2379 1375 met.
2407 1308 2497 1393 11,

30 1480 31 1485 ἵ
151 1407 313 1476 486:
362 1408 571 1480 ‘mens
628 1413 888 1496 antiqua
952 1418 1165 1478 tamen
1221 1411 1392 1477 facta
1443 1432 1696 1497 quoque
1752 1415 1986 1481 mansit
2029 1415 2098 1481 in
2141 1434 2293 1482 ursa
2308 1465 2325 1499 ‚
2380 1416 2499 1482 ad·

151 1514 460 1601 siduoque
527 1539 676 1586 suos
741 1519 982 1604 gemitu
1049 1524 1278 1585 testata
1347 1518 1622 1602 dolores³
1693 1529 1760 1590 et
1815 1522 1961 1591 fast.
2003 1523 2097 1608 Π,
2150 1522 2307 1588 185:
2347 1520 2499 1590 ‘illa

151 1624 408 1707 quidem
463 1622 750 1711 (Callisto
807 1627 874 1694 in
926 1647 1141 1694 ursam
1194 1626 1669 1714 transformata)
1721 1637 2025 1713 tanquam
2084 1637 2498 1714 cognosceret

30 1734 33 1785 ³.
149 1731 396 1799 adstitit
438 1753 658 1801 amens
705 1742 770 1802 et
810 1736 1079 1820 gemuit:
1133 1736 1407 1822 gemitus
1460 1739 1656 1804 uerba
1707 1737 1991 1823 parentis
2046 1733 2269 1823 erant²,
2327 1756 2496 1820 quos

148 1839 320 1907 locos
366 1841 567 1908 debeo
611 1843 875 1928 Hauptii
919 1842 1312 1908 adnotationi
1355 1844 1441 1909 ad
1486 1850 1643 1911 met..
1676 1844 1718 1909 l.
1749 1863 1803 1908 c.

340 1949 679 2017 Conscire.
729 1970 829 2036 ep.
857 1950 906 2035 Ι,
944 1953 1000 2035 1,
1032 1950 1151 2016 61:
1182 1948 1315 2016 ‘hic
1344 1969 1559 2016 murus
1589 1968 1826 2016 aeneus
1857 1953 2023 2015 esto:
2067 1947 2158 2012 nil
2199 1947 2492 2028 conscire

149 2055 288 2141 sibi,
334 2058 508 2124 nulla
550 2058 898 2143 pallescere
943 2054 1169 2145 culpa.³
1253 2057 1416 2124 haec
1457 2059 1655 2125 uerba
1698 2077 1841 2122 cum
1884 2056 2209 2141 Augustus
2252 2054 2494 2122 Meina-

144 2162 294 2236 kius
337 2165 419 2232 ab
464 2164 909 2253 interpolatore
953 2167 1211 2234 obtrusa
1252 2165 1518 2234 Horatio
1574 2184 1719 2233 esse
1771 2163 2085 2232 censuerit
2126 2168 2193 2231 et
2231 2161 2374 2249 ipse
2418 2162 2493 2229 in

145 2272 498 2358 marginem
543 2273 863 2360 deiecerit,
908 2275 1297 2360 argumentis
1341 2294 1496 2342 usus
1540 2274 1731 2341 ualde
1776 2272 2085 2361 speciosis
2117 2289 2237 2338 nec
2266 2292 2306 2337 a
2337 2289 2493 2354 quo·

30 2419 33 2472 ;
147 2400 338 2464 quam
391 2380 602 2448 adhuc
653 2382 975 2468 refutatis,
1030 2382 1188 2472 mihi
1236 2382 1370 2449 iam
1425 2382 1774 2469 periculum
1809 2380 2190 2448 ‘faciendum
2242 2379 2363 2446 erit
2416 2379 2492 2445 in

30 2483 33 2514 ³
145 2487 310 2555 hanc
351 2492 485 2555 rem
528 2489 919 2574 inquirendi,
976 2497 1041 2557 et
1097 2490 1191 2556 ita
1235 2490 1492 2573 quidem
1549 2496 1620 2556 ut
1664 2491 1743 2556 ab
1789 2488 2055 2574 singulis
2099 2486 2348 2553 initium
2394 2486 2492 2552 fa·

30 2641 33 2648 ,
145 2596 328 2662 ciam.
418 2617 495 2663 ac
547 2597 820 2682 primum
877 2597 1134 2681 quidem
1167 2590 1350 2664 ‘dicti
1404 2597 1814 2681 ambiguitas,
1871 2595 2102 2680 inquit,
2157 2593 2493 2680 arguenda

145 2710 272 2772 est:
327 2704 482 2788 quid
539 2704 706 2772 enim
764 2705 1032 2790 impedit
1086 2725 1210 2789 quo
1265 2706 1474 2773 minus
1531 2706 1643 2771 illa
1695 2706 1765 2771 in
1817 2704 2193 2771 contrariam
2236 2709 2491 2789 partem

32 2851 33 2856 κ
143 2811 602 2898 interpreteris,
658 2818 729 2879 ut
783 2833 1066 2880 summus
1110 2813 1307 2879 animi
1352 2819 1566 2899 torpor
1620 2812 2088 2879 commendetur
2142 2817 2207 2877 et
2259 2809 2490 2877 frontis

32 2977 33 2980 ,
143 2925 321 2986 tanta
362 2919 774 3006 impudentia,
817 2926 888 2986 ut
930 2941 1011 2987 ne
1054 2922 1371 3006 pallescas
1417 2920 1674 3004 quidem
1719 2921 1798 2987 ob
1830 2919 2136 2986 crimina?
2178 2917 2270 2983 nil
2309 2917 2491 2985 enim

146 3027 428 3095 conscire
486 3028 610 3095 sibi
667 3048 884 3095 eorum
939 3035 1068 3113 est,
1137 3029 1246 3113 qui
1311 3047 1518 3113 neque
1582 3030 1786 3095 bonae
1843 3019 2052 3110 neque
2117 3026 2324 3093 malae
2389 3026 2491 3092 rei

143 3135 380 3203 habent
422 3132 912 3202 conscientiam?
941 3173 1027 3182 —
1074 3137 1189 3203 sed
1220 3158 1363 3204 cum
1393 3141 1523 3202 toto
1554 3135 1691 3201 loco
1723 3133 1804 3201 de
1835 3134 2083 3219 uirtute,
2130 3133 2210 3199 de
2239 3152 2485 3199 morum

143 3243 531 3329 integritate,
579 3242 660 3309 de
704 3250 872 3310 recte
917 3243 1208 3310 faciendo
1253 3244 1334 3310 ab
1379 3243 1642 3309 Horatio
1688 3243 2053 3325 disseratur,
2104 3239 2487 3323 quicumque

144 3350 418 3437 simplici
463 3357 526 3418 et
569 3351 812 3435 integro
857 3350 1092 3417 iudicio
1133 3350 1397 3435 accedit,
1442 3351 1603 3417 haec
1645 3352 1843 3417 uerba
1884 3370 2011 3415 non
2046 3354 2257 3434 potest
2300 3348 2489 3416 aliter

143 3458 527 3543 intellegere,
574 3479 763 3543 quam
808 3462 879 3524 ut
922 3458 1004 3525 iis
1033 3459 1201 3524 bona
1229 3458 1617 3526 conscientia
1655 3466 1720 3528 et
1747 3458 1933 3544 culpa
1963 3475 2200 3522 uacuus
2231 3456 2484 3523 animus

144 3549 654 3652 conmendentur.
746 3564 883 3631 falli
941 3565 1110 3632 enim
1165 3586 1306 3651 eos,
1366 3567 1476 3650 qui
1505 3557 2010 3632 ‘conscientiam'
2056 3570 2119 3630 et
2148 3559 2483 3630 ‘conscire'

141 3693 259 3759 per
301 3693 373 3740 se
419 3673 500 3740 de
544 3673 624 3741 iis
670 3673 798 3740 dici
841 3692 1034 3759 posse
1079 3673 1471 3758 existiment,
1528 3674 1636 3757 qui
1691 3671 1932 3755 aliquid
1975 3671 2128 3738 mali
2173 3670 2296 3737 sibi
2340 3691 2484 3737 con·

143 3780 261 3848 scii
316 3781 469 3865 sint,
535 3787 607 3847 ut
661 3781 896 3848 deinde
950 3779 1308 3848 Meinekius
1365 3781 1484 3866 ait,
1554 3780 1849 3865 equidem
1917 3779 2151 3846 dubito.
2243 3778 2481 3865 quippe

143 3885 488 3954 ‘conscius'
519 3894 583 3954 et
598 3880 1042 3956 ‘conscientia'
1071 3894 1135 3954 et
1167 3888 1400 3955 similia
1428 3888 1643 3955 media
1673 3893 1819 3955 sunt
1847 3888 2059 3971 uerba,
2105 3904 2477 3973 semperque
2605 3885 2606 3888 ’

144 3994 317 4060 aliud
363 3994 515 4078 quid
561 4007 776 4064 secum
829 3996 1111 4081 trahunt,
1170 3997 1348 4063 cuius
1404 3996 1547 4079 quis
1603 3996 1892 4063 conscius
1951 4001 2078 4080 est,
2134 3995 2327 4079 idque
2371 3999 2478 4060 aut

143 4100 378 4169 diserte
420 4103 777 4169 nominatur
831 4111 941 4171 aut
996 4105 1053 4173 si
1107 4126 1188 4173 ex
1243 4105 1558 4172 sententia
1611 4125 1728 4190 per
1784 4125 1855 4172 se
1907 4110 2083 4190 patet
2148 4101 2473 4184 omittitur3

145 4207 359 4289 itaque
414 4210 710 4295 permulti
762 4211 885 4278 loci
944 4220 1189 4299 extant,
1245 4193 1483 4298 'quibus
1540 4213 1829 4282 conscius
1896 4213 2144 4281 animus
2211 4215 2275 4278 et
2337 4227 2476 4276 con-
