2638 4404
1291 40 1377 107 31

164 219 440 289 scientia
492 218 781 288 absolute
835 225 1169 306 ponuntur.
1261 243 1322 288 a.
1369 221 1453 288 ad
1508 221 1784 288 Herenn.
1827 220 1920 305 11,
1965 219 2006 300 ξ
2038 220 2110 287 8:
2150 212 2511 288 ‘accusator

160 329 356 413 dicet,
401 328 458 396 si
502 328 751 414 poterit,
793 328 1232 397 aduersarium
1267 348 1412 395 cum
1440 328 1526 395 ad
1555 348 1703 396 eum
1729 334 1988 395 uentum
2019 328 2120 412 sit,
2163 328 2510 412 erubuisse,

159 436 575 523 expalluisse,
620 435 949 522 titubasse,
993 437 1424 504 inconstanter
1450 438 1728 504 locutum
1758 455 1921 520 esse,
1964 435 2338 520 concidisse,
2380 437 2512 521 pol·

154 530 407 612 licitum
474 560 620 613 esse
685 543 958 629 aliquid·
1026 563 1191 627 quae
1259 545 1446 629 signa
1499 544 1925 612 conscientiae
1979 540 2162 610 sunt?
2247 543 2514 615 Plautus

154 651 352 721 Most.
380 651 494 737 III,
529 653 585 737 1,
621 652 702 719 13
731 650 852 720 ‘nil
896 651 996 719 est
1038 652 1334 721 miserius
1364 671 1554 735 quam
1587 652 1837 719 animus
1876 650 2151 717 hominis
2182 644 2514 718 conscius?

155 794 253 807 -—
301 758 398 826 sic
436 764 654 827 nostro
696 760 839 827 loco
865 756 987 825 ‘nil
1030 759 1315 827 conscire
1359 757 1511 827 sibi'
1509 809 1529 845 ,
1587 760 1761 843 quod
1817 765 1917 826 est
1943 756 2205 826 ‘nullius
2248 759 2343 826 rei
2387 758 2517 826 sibi

155 866 490 934 conscium
532 863 726 951 esse’,
780 866 1017 933 malam
1072 887 1208 935 rem
1252 866 1745 952 intellegendam
1800 886 1946 933 esse
2004 887 2086 934 ex
2139 865 2333 933 totius
2389 865 2515 931 loci

152 973 410 1042 ratione
453 975 615 1041 ultro
657 973 1057 1060 perspicitur.
1111 1011 1200 1023 —-
1255 974 1427 1059 quod
1484 973 1568 1040 ad
1624 973 1836 1059 ipsum
1879 974 2142 1040 uerbum
2174 965 2516 1040 ‘conscire'

157 1080 426 1166 adtinet,
469 1081 694 1167 negari
734 1101 865 1148 non
907 1088 1133 1169 potest,
1177 1088 1242 1149 et
1285 1102 1370 1149 ex
1410 1081 1711 1166 analogia
1754 1080 2089 1169 formatum
2132 1099 2292 1148 esse
2321 1086 2388 1148 et
2429 1099 2512 1147 ex

159 1188 464 1274 analogia
505 1186 682 1256 illam
735 1188 971 1257 habere
1026 1190 1348 1256 notionem
1403 1209 1594 1273 quam
1650 1187 1941 1255 conscius
2000 1194 2066 1255 et
2107 1188 2511 1272 conscientia,

156 1303 232 1365 ut
273 1295 482 1371 nescit
522 1295 794 1382 nescius,
840 1297 1120 1382 praescit
1161 1296 1520 1383 praescius3
1567 1292 1801 1363 deinde
1839 1315 1960 1363 nec
1998 1295 2121 1362 hoc
2149 1297 2514 1382 scrupulum

157 1404 348 1472 nobis
392 1403 628 1472 inicere
671 1403 879 1487 debet,
924 1403 1097 1488 quod
1127 1393 1471 1472 ‘conscire’
1511 1405 1773 1471 uerbum
1819 1403 1942 1471 hac
1969 1403 2225 1471 notione
2270 1402 2362 1487 (et
2392 1404 2513 1470 for-

160 1518 340 1581 tasse
384 1506 666 1596 omnino)
710 1510 839 1578 nisi
881 1511 1056 1596 apud
1091 1512 1426 1581 Horatium
1470 1531 1782 1595 nusquam
1828 1511 2131 1597 legimus3
2177 1532 2327 1578 nam
2372 1532 2512 1580 cen·

157 1627 298 1688 tum
342 1618 477 1688 fere
519 1618 859 1702 uocabula,
919 1638 1086 1702 quae
1129 1619 1433 1686 Horatius
1488 1618 1662 1685 solus
1717 1619 1938 1704 habet,
1992 1618 2118 1686 hac
2171 1619 2512 1704 scriptione

157 1727 550 1812 collegimus,
596 1731 662 1793 et
703 1740 852 1793 mox
898 1724 1170 1793 fortasse
1210 1745 1339 1792 non
1369 1725 1672 1810 pauciora
1702 1746 1847 1794 esse
1877 1726 2302 1812 ostendemus,
2347 1744 2512 1810 quae

157 1835 379 1917 aliqua
433 1831 897 1918 significatione
955 1832 1306 1918 singularia
1370 1833 1527 1918 sint3
1595 1853 1717 1900 nec
1783 1832 1851 1899 id
1915 1833 2239 1901 offendere
2305 1833 2512 1917 debet,

160 1942 337 2026 quod
381 1961 463 2009 ex
490 1940 620 2007 XII
661 1941 895 2009 tabulis
925 1941 1102 2028 apud
1129 1963 1190 2009 a.
1221 1941 1308 2008 ad
1336 1941 1612 2008 Herenn.
1644 1941 1726 2026 Π,
1763 1941 1863 2024 13,
1897 1941 1984 2008 20
2024 1947 2090 2008 et
2116 1940 2279 2009 Gell.
2309 1941 2512 2024 XVII,

166 2048 235 2132 2,
267 2045 671 2131 IO‘conscire
700 2046 1003 2135 oausam',
1041 2049 1083 2117 i.
1115 2070 1170 2116 e.
1198 2069 1587 2134 cognoscere
1616 2067 1895 2131 causam,
1922 2048 2193 2116 relatum
2220 2048 2511 2133 legimus.

164 2174 317 2223 nam
360 2155 652 2226 meliores
708 2154 854 2224 libri
911 2156 1238 2242 utriusque
1282 2156 1609 2244 scriptoris
1638 2151 1966 2224 ‘conicito'
2009 2156 2114 2224 uel
2146 2152 2510 2226 ‘coniciunt'

161 2262 465 2334 exhibere
506 2264 836 2346 uidentur3
883 2284 1081 2350 quare
1108 2265 1418 2336 lubricum
1457 2265 1615 2331 mihi
1646 2264 1899 2332 uidetur
1927 2283 2072 2331 cum
2099 2264 2510 2332 Lachmanno

160 2368 416 2456 (comm.
455 2373 640 2441 Lucr.
676 2394 742 2458 p.
775 2368 935 2458 349)
1001 2372 1176 2461 apud
1234 2373 1510 2441 Gellium
1566 2372 1650 2459 V,
1695 2373 1779 2439 10
1833 2392 1950 2457 pro
1990 2369 2510 2456 ‘consistendae',

160 2477 336 2562 quod
380 2478 449 2544 in
492 2481 816 2549 codicibus
859 2488 1078 2549 extare
1120 2480 1376 2548 uidetur
1419 2487 1484 2548 et
1525 2480 1807 2564 glossam
1842 2480 1987 2564 olet,
2033 2479 2308 2548 scribere
2340 2473 2512 2547 ‘con-

160 2583 637 2673 sciendaequo?
722 2589 841 2659 sed
870 2595 1023 2656 utut
1064 2588 1188 2655 hoc
1231 2595 1348 2674 est,
1402 2587 1654 2655 etiamsi
1683 2584 1996 2655 ‘conscire
2040 2583 2329 2655 causam'
2370 2606 2510 2672 pro—

160 2692 375 2780 prium
418 2692 574 2761 iuris
618 2699 993 2766 uocabulum
1041 2696 1257 2780 fuerit,
1302 2702 1518 2763 tamen
1562 2693 1719 2762 mihi
1764 2693 2059 2763 contendi
2103 2716 2232 2762 non
2277 2694 2509 2762 debere

160 2799 434 2885 uidetur,
480 2801 833 2889 simplicem
878 2825 1044 2890 quae
1088 2823 1170 2871 ex
1211 2802 1394 2870 uerbi
1438 2802 1752 2896 conpositi
1793 2808 2020 2870 natura
2058 2803 2222 2870 ultro
2252 2822 2509 2870 enasca-

159 2915 262 2975 tur
307 2907 834 2993 significationem
887 2918 1000 2980 aut
1053 2910 1121 2977 in
1173 2930 1296 2979 usu
1349 2930 1498 2979 esse
1550 2916 1663 2978 aut
1717 2931 1760 2978 a
1812 2916 2006 2997 poeta
2047 2910 2341 2979 adhiberi
2378 2930 2508 2978 non

160 3016 470 3103 petuisse.

339 3124 667 3192 Postremo
710 3124 793 3191 de
835 3124 1132 3195 uniuerso
1177 3125 1286 3192 illo
1332 3124 1740 3209 sesquiuersu
1774 3124 2134 3194 Meinekius
2177 3125 2338 3193 haec
2382 3125 2508 3192 dis-

162 3235 374 3315 putat:
402 3230 575 3317 ‘lege
618 3231 844 3300 sedato
887 3234 1099 3302 animo
1144 3240 1342 3301 totam
1373 3232 1710 3319 epistolam
1739 3233 2141 3318 maximeque
2178 3255 2322 3301 eam
2364 3253 2508 3320 par·
2581 3245 2586 3248 ’

166 3340 315 3419 tem,
358 3339 459 3407 cui
503 3341 630 3408 ista
673 3339 920 3407 inclusa
962 3347 1135 3428 sunt,
1172 3329 1300 3410 'nec
1345 3340 1564 3408 dubito
1609 3341 1763 3425 quin
1806 3341 1966 3408 nibil
2008 3364 2051 3409 a
2094 3341 2302 3408 colore
2345 3347 2506 3407 cete-

165 3461 377 3509 rorum
429 3447 635 3533 magis
689 3446 967 3516 alienum
1022 3449 1213 3517 scribi
1272 3450 1560 3535 potuisse
1614 3446 1915 3517 fatearis?
2011 3450 2095 3516 de
2150 3448 2379 3532 quibus
2436 3454 2509 3514 ut

162 3559 335 3621 recte
378 3552 663 3625 iudicare
703 3554 1026 3643 possimus
1069 3576 1189 3624 nec
1233 3557 1399 3623 sicut
1443 3557 1624 3624 multi
1679 3557 2053 3642 interpretes
2109 3554 2238 3623 illis
2292 3555 2505 3623 uerbis

160 3661 613 3783 patrocinatori
655 3665 742 3731 ad
786 3670 1102 3731 contortas
1161 3664 1617 3750 explicationes
1657 3664 2073 3748 delabamur,
2128 3662 2505 3749 explicatius

160 3766 291 3835 iam
350 3771 795 3857 exponendum
848 3772 996 3857 erit,
1062 3771 1337 3858 primum
1393 3792 1560 3856 quae
1625 3770 1941 3839 sententia
2005 3770 2073 3836 in
2138 3770 2265 3838 illis
2332 3770 2503 3855 insit,

160 3873 398 3942 deinde
441 3878 755 3960 quomodo
800 3879 963 3948 haec
1004 3880 1325 3948 sententia
1379 3900 1524 3948 cum
1566 3886 1698 3947 toto
1755 3879 1893 3944 loco
1953 3877 2307 3946 concordet.
2385 3871 2505 3943 ‘nil

162 3982 447 4051 conscire
491 3983 631 4070 sibi,
675 3986 848 4054 nulla
875 3988 1226 4073 pallescere
1256 3985 1475 4074 culpa²
1519 3993 1618 4055 est
1650 3988 1855 4054 bonae
1884 3985 2308 4054 conscientiae
2339 4002 2502 4071 esse,

162 4090 474 4177 culpaque
517 4111 752 4160 carere.
816 4074 923 4161 hic
965 4103 1183 4164 murus
1211 4115 1451 4164 aeneus
1483 4114 1628 4162 esse
1658 4093 1905 4162 dicitur.
1970 4093 2082 4161 ubi
2113 4113 2255 4160 cum
2285 4112 2501 4159 murus

162 4217 400 4268 aeneus
469 4201 775 4269 translate
830 4202 1077 4288 positus
1134 4204 1249 4289 sit,
1318 4201 1685 4288 quaerenda
1739 4208 1886 4269 sunt
1940 4222 2048 4287 ea,
2110 4220 2274 4284 quae
2337 4198 2501 4267 muri
2607 4255 2608 4258 ,

2457 4323 2607 4369 ¹⁴..-
