2638 4404
1239 22 1285 90 8
1392 74 1403 84 .

93 216 281 277 σιτος,
303 197 640 285 parasitus,
663 193 973 285 parasita)
1003 204 1068 267 et
1095 198 1469 268 femininum
1498 218 1643 270 esse
1672 201 2129 273 demonstrauit
2147 205 2434 277 Lobeck..

92 306 179 374 ad
208 306 441 394 Phryn.
485 327 548 393 p.
580 306 730 373 659.
761 340 849 354 ——
866 302 1104 387 ‘Diota,
1150 303 1498 394 ἀμφόριον,
1540 308 1959 399 οῖνοφόριον’,
2002 313 2257 399 glossae
2286 316 2424 384 Phi-

91 414 321 481 loxeni.
412 420 862 482 commentator
917 414 1204 499 Oruquii:
1257 410 1416 483 ‘Vas
1481 423 1581 484 est
1636 417 1950 486 uinarium
2005 420 2167 489 duas
2234 443 2422 493 ansas

90 520 350 607 habens,
395 522 582 607 quasi
626 523 788 591 duas
819 522 1152 607 auriculas,
1196 523 1367 592 unde
1396 544 1625 592 nomen
1656 524 1877 593 habet:
1922 527 2098 596 aliud
2130 536 2230 599 est
2258 532 2424 616 quod

90 630 476 716 Magganum
520 630 765 716 dicitur,
810 651 929 698 uas
972 629 1290 698 uinarium
1334 651 1416 698 ex
1458 630 1631 717 ligno
1676 633 2063 703 confectum?
2092 675 2181 686 —
2219 639 2423 709 minus

90 739 544 825 circumspecte
588 738 692 805 Fr.
722 738 1001 825 Paulyus
1046 737 1333 824 scripsit:
1363 736 1512 806 ‘nec
1539 761 1869 826 magarum
1898 763 2017 811 nec
2044 764 2424 831 magganum

89 867 208 914 nec
262 845 491 931 migari
546 846 721 933 apud
764 846 957 915 schol.
999 844 1244 913 Barthii
1296 843 1500 915 habeo
1556 867 1681 931 quo
1737 849 2133 939 expediam’3
2192 854 2425 925 Suidae

89 954 259 1021 enim
302 954 559 1039 glossae
600 961 747 1022 sunt
778 953 1006 1023 haece:
1049 954 1396 1039 μαγγάναν
1423 951 1489 1020 οἳ
1505 952 1749 1021 Ἰταλοὶ
1777 952 2228 1043 ὀνομάζουσιν,
2257 959 2425 1030 ἔστιν

89 1062 161 1129 ἓν
205 1063 294 1150 τῷ
340 1060 615 1141 Γαῦλος,
671 1062 781 1129 ubi
835 1061 995 1129 haec
1044 1062 1369 1147 legunturt
1427 1060 1705 1142 Γαυλός·
1751 1063 2014 1154 οἰνηρὸν
2056 1064 2313 1150 ἅνγεϊον
2354 1069 2424 1136 ἔκ

91 1168 305 1249 ξύλων
348 1172 963 1256 κατεσκευασμένον,
1017 1166 1101 1256 ἢν
1130 1165 1366 1236 Ἰταλοὶ
1418 1167 1768 1256 μαννοῖναν
1811 1170 2253 1260 ὅνομοίζουσιν.
2342 1176 2421 1246 cf.
2463 1236 2472 1247 .

89 1278 193 1345 Du
239 1277 473 1362 Gange,
519 1277 714 1362 gloss.
758 1278 826 1343 in
869 1296 932 1344 u.
977 1296 1364 1364 manganum
1413 1280 1472 1344 1.

266 1381 550 1475 Laqois.
597 1405 784 1453 serm.
813 1385 909 1471 Π,
942 1385 1012 1470 2,
1045 1384 1159 1452 22ε
1202 1379 1349 1452 ‘nec
1405 1405 1623 1454 scarus
1669 1394 1779 1456 aut
1820 1389 2052 1476 poterit
2087 1393 2427 1479 ‘peregrina

89 1494 310 1561 iuuare
364 1489 606 1578 lagois?
649 1528 736 1541 --
780 1491 902 1560 hoc
954 1513 1016 1559 u.
1061 1512 1144 1560 ne
1187 1490 1362 1580 apud
1404 1510 1703 1580 graecum
1757 1496 2014 1581 quidem
2059 1499 2428 1587 scriptorem

90 1602 285 1669 ullum
328 1601 657 1688 reperitur.
724 1600 792 1666 in
832 1599 1090 1668 diuersa
1128 1601 1363 1669 abeunt
1390 1601 1788 1672 scholiastae.
1856 1605 2232 1694 Porphyrio:
2260 1602 2428 1677 ‘auis

89 1708 358 1796 leporini
403 1702 668 1777 coloris?
733 1708 926 1775 Acro:
960 1701 1222 1794 ‘Lagois
1266 1709 1409 1777 auis
1455 1729 1621 1795 quae
1650 1731 1902 1779 carnem
1931 1713 2165 1800 leporis
2193 1714 2429 1784 habere

89 1817 472 1905 perhibetur.
547 1822 657 1883 aut
702 1822 800 1883 est
841 1834 1043 1902 genus
1088 1815 1304 1903 piscis,
1351 1818 1521 1902 quod
1568 1819 1633 1884 in
1679 1818 1840 1885 mari
1882 1819 2042 1888 Italo
2086 1839 2213 1886 non
2256 1821 2429 1889 inue-

89 1921 296 1992 nitur?
347 1961 437 1971 —
491 1923 879 2011 probabilius
938 1930 1150 1991 autem
1204 1930 1302 1993 est
1365 1945 1556 1992 auem
1621 1945 1767 1994 esse
1831 1931 2190 2013 propterea,
2259 1926 2429 2010 quod

90 2033 140 2101 I.
181 2032 259 2100 G.
299 2030 725 2100 Schneiderus
736 2082 754 2117 ,
810 2030 1033 2098 harum
1090 2052 1297 2101 rerum
1354 2032 1805 2120 peritissimus,
1864 2034 1947 2102 de
2001 2034 2179 2121 pisce
2223 2033 2431 2102 simile

91 2140 352 2226 aliquod
395 2140 571 2228 apud
612 2146 861 2210 ueteres
906 2158 1137 2210 nomen
1167 2147 1386 2211 extare
1425 2142 1703 2230 negauit,
1749 2142 1958 2228 quode
1989 2163 2051 2211 u.
2080 2140 2430 2227 Heindorf„

93 2250 202 2335 qui
228 2249 539 2337 Hesychii
581 2248 880 2336 glossam,
927 2247 1267 2338 λαγωΐνης..
1313 2245 1495 2339 ὄρνις
1538 2252 1721 2330 ποιός
1755 2251 2031 2320 contulit.
2099 2254 2434 2337 praeterea

93 2358 253 2426 haec
306 2357 523 2425 auium
579 2357 838 2425 nomina
893 2377 1238 2445 conparare
1295 2357 1475 2425 licet:
1532 2357 1745 2441 λαγώς
1786 2357 2161 2426 Artemidor.
2205 2358 2278 2442 4,
2322 2356 2432 2443 56,

92 2488 156 2554 p.
189 2467 351 2548 3693
397 2465 693 2533 Antonin.
738 2465 845 2533 lib.
878 2466 983 2551 21,
1028 2488 1092 2553 p.
1127 2465 1267 2550 140(
1299 2470 1364 2533 et
1407 2463 1735 2547 λαγωδίας
1776 2464 2002 2535 Athen.
2040 2465 2100 2550 9,
2128 2485 2193 2551 p.
2216 2464 2350 2531 390
2376 2464 2433 2529 F

94 2570 202 2660 (cf.
233 2573 510 2642 Lobeck.
539 2573 783 2641 Pathol.
812 2594 877 2660 p.
900 2569 1062 2659 492)
1107 2579 1171 2641 et
1214 2572 1556 2655 λαγώπους
1601 2573 1761 2640 Plin.
1790 2594 1854 2640 ιι.
1882 2572 1946 2639 Ιι.
1980 2573 2082 2657 10,
2110 2572 2217 2657 48,
2245 2572 2354 2639 68.

273 2681 568 2749 Pleimus.
614 2702 666 2749 s.
694 2681 776 2766 II,
821 2682 879 2765 7,
928 2682 1010 2747 17
1025 2704 1042 2747 ε
1086 2674 1391 2750 ‘mitteret
1419 2681 1487 2747 in
1530 2680 1815 2768 phimum
1857 2676 2056 2747 talos?
2099 2715 2187 2727 -
2233 2681 2433 2764 Φιμοῐ

96 2787 159 2856 οἳ
202 2787 591 2875 καλούμενοι
634 2791 854 2877 κημοί,
902 2789 994 2865 εἷς
1037 2788 1149 2865 οὓς
1192 2787 1617 2873 ἐνεβάλλοντο
1658 2785 1723 2853 οἳ
1767 2785 2191 2874 ἀστράγαλοι,
2235 2788 2434 2855 uerba

96 2905 242 2966 sunt
287 2897 482 2965 schol.
511 2896 809 2965 Aeschin.
844 2898 901 2981 1,
936 2896 1041 2981 59,
1079 2897 1151 2979 93
1205 2896 1423 2982 itaque
1467 2895 1661 2964 schol.
1702 2893 1990 2981 Oruquii:
2029 2893 2178 2962 ‘Est
2220 2901 2434 2963 autem

95 3006 350 3094 phimus
395 3006 878 3100 instrumentum
930 3004 1212 3090 ligneum
1268 3002 1470 3072 stricti
1515 3003 1641 3071 oris
1654 3054 1672 3089 ,
1731 3023 1811 3072 ex
1866 3022 1990 3088 quo
2044 3002 2444 3070 coniciuntur

96 3121 394 3199 tesserae,
440 3133 522 3181 ne
566 3113 772 3200 possit
816 3112 951 3181 falli
994 3113 1070 3198 is,
1117 3113 1228 3197 qui
1273 3133 1416 3180 cum
1461 3111 1587 3179 alio
1633 3106 1701 3197 (l.
1731 3106 1956 3196 altero)
1998 3106 2196 3178 ludit?
2257 3107 2434 3177 idem

98 3218 341 3309 πυρνός
398 3215 720 3308 (‘pyrgus'
778 3220 996 3288 Sidon.
1037 3220 1157 3307 Ep.
1200 3221 1268 3306 8,
1314 3221 1398 3287 12
1443 3214 1661 3304 habet)
1716 3224 1779 3287 et
1833 3219 2101 3303 πυργίον
2151 3215 2436 3284 nomina-

97 3332 308 3414 batur,
366 3328 563 3397 latine
605 3321 837 3413 ‘orca';
905 3325 1188 3395 fritillus’
1244 3334 1458 3395 autem
1501 3327 1646 3415 ipsa
1699 3326 1889 3415 pyxis
1940 3323 2245 3393 aleatoria
2288 3344 2442 3393 esse

98 3439 349 3506 uidetur
403 3458 483 3507 ex
540 3454 668 3520 qua
718 3434 1011 3502 manibus
1055 3433 1300 3520 agitata
1354 3434 1468 3503 tali
1518 3434 1585 3501 in
1638 3435 1917 3503 tabulam
1973 3431 2313 3526 iaciuntur,
2368 3438 2441 3499 ut

99 3547 368 3633 adparet
411 3565 492 3612 ex
536 3542 758 3612 Senec.
799 3542 1059 3630 Apocol.
1099 3549 1255 3612 extr.
1301 3549 1366 3611 et
1407 3542 1678 3611 Martial.
1715 3543 1815 3630 14,
1859 3543 1915 3626 1,
1951 3541 2022 3626 33
2069 3559 2264 3625 quare
2308 3559 2439 3606 non

101 3653 424 3723 consentio
470 3651 754 3721 Beckero
801 3648 999 3738 (Galli
1043 3670 1179 3718 exc.
1211 3652 1271 3717 3.
1318 3671 1530 3720 scaen.
1561 3646 1694 3736 10).

278 3761 769 3829 Ptisanarz’um.
813 3779 866 3827 s.
894 3759 975 3845 11,
1008 3760 1068 3844 3,
1104 3758 1261 3826 155:
1293 3752 1505 3827 ‘sume
1548 3759 1670 3826 hoc
1707 3755 2126 3844 ptisanarium
2169 3747 2446 3841 oryzae?

101 3869 523 3956 πτισανάριον
564 3889 732 3937 nunc
775 3867 1032 3952 quidem
1074 3886 1389 3951 nusquam
1432 3866 1757 3953 reperitur,
1803 3864 1921 3932 sed
1959 3863 2247 3931 extitisse
2288 3861 2445 3930 olim

103 3985 341 4047 certum
386 3984 503 4047 est.
591 3976 885 4065 adposite
928 3975 1171 4043 Plinius
1215 3996 1278 4042 n.
1307 3974 1371 4041 h.
1404 3975 1508 4060 22,
1539 3975 1663 4040 66:
1706 3967 2012 4039 ‘maxime
2056 3987 2251 4058 oryza
2290 3987 2445 4055 gau-

104 4086 257 4154 dent
299 4083 514 4173 (Indi),
560 4108 642 4155 ex
687 4106 814 4170 qua
858 4085 1178 4172 ptisanam
1210 4082 1564 4166 conficiunt,
1609 4078 2057 4166 quam’reliqui
2086 4076 2444 4145 mortalium

105 4215 185 4262 ex
229 4192 500 4266 hordeo?
587 4200 865 4264 ceterum
921 4193 1302 4277 notandum,
1358 4190 1424 4257 in
1479 4188 1601 4256 hoc
1652 4189 1847 4258 uerbo
1889 4186 2222 4255 Horatium
2264 4205 2308 4252 a
2350 4202 2447 4251 re-
