<?xml version="1.0" encoding="UTF-8"?>
<!DOCTYPE html PUBLIC "-//W3C//DTD XHTML 1.0 Transitional//EN"
    "http://www.w3.org/TR/xhtml1/DTD/xhtml1-transitional.dtd">
<html xmlns="http://www.w3.org/1999/xhtml" xml:lang="en" lang="en">
 <head>
  <title>
</title>
<meta http-equiv="Content-Type" content="text/html;charset=utf-8" />
  <meta name='ocr-system' content='tesseract 3.04.00' />
  <meta name='ocr-capabilities' content='ocr_page ocr_carea ocr_par ocr_line ocrx_word'/>
</head>
<body>
  <div class='ocr_page' id='page_1' title='image "./dehoratiivocibu00zanggoog_0051.png"; bbox 0 0 2638 4404; ppageno 0'>
   <div class='ocr_carea' id='block_1_1' title="bbox 523 750 2214 999">
    <p class='ocr_par' dir='ltr' id='par_1_1' title="bbox 523 750 2214 999">
     <span class='ocr_line' id='line_1_1' title="bbox 523 750 2214 864; baseline -0.002 -43"><span class='ocrx_word' id='word_1_1' title='bbox 523 750 829 821; x_wconf 74' lang='lat' dir='ltr'>GARom</span> <span class='ocrx_word' id='word_1_2' title='bbox 892 750 1227 864; x_wconf 72' lang='lat' dir='ltr'>FRmER„</span> <span class='ocrx_word' id='word_1_3' title='bbox 1282 750 1506 819; x_wconf 68' lang='lat' dir='ltr'>evm.</span> <span class='ocrx_word' id='word_1_4' title='bbox 1561 750 2214 820; x_wconf 70' lang='lat' dir='ltr'>zANGans‘rER</span> 
     </span>
     <span class='ocr_line' id='line_1_2' title="bbox 1158 911 1578 999; baseline -0.005 0"><span class='ocrx_word' id='word_1_5' title='bbox 1158 912 1236 999; x_wconf 89' lang='lat' dir='ltr'><strong>V</strong></span> <span class='ocrx_word' id='word_1_6' title='bbox 1279 911 1312 997; x_wconf 93' lang='lat'>1</span> <span class='ocrx_word' id='word_1_7' title='bbox 1358 911 1425 997; x_wconf 92' lang='grc' dir='ltr'>Τ</span> <span class='ocrx_word' id='word_1_8' title='bbox 1470 911 1578 998; x_wconf 89' lang='lat' dir='ltr'>A.</span> 
     </span>
    </p>
   </div>
   <div class='ocr_carea' id='block_1_2' title="bbox 193 1213 2535 3566">
    <p class='ocr_par' dir='ltr' id='par_1_2' title="bbox 193 1213 2535 3566">
     <span class='ocr_line' id='line_1_3' title="bbox 193 1213 2533 1322; baseline -0.001 -19"><span class='ocrx_word' id='word_1_9' title='bbox 193 1213 386 1304; x_wconf 80' lang='lat' dir='ltr'>Natus</span> <span class='ocrx_word' id='word_1_10' title='bbox 430 1265 541 1304; x_wconf 88' lang='lat' dir='ltr'>sum</span> <span class='ocrx_word' id='word_1_11' title='bbox 578 1247 665 1305; x_wconf 72' lang='lat'>28.</span> <span class='ocrx_word' id='word_1_12' title='bbox 698 1262 768 1304; x_wconf 86' lang='lat' dir='ltr'>m.</span> <span class='ocrx_word' id='word_1_13' title='bbox 801 1247 934 1305; x_wconf 75' lang='lat' dir='ltr'>Nou.</span> <span class='ocrx_word' id='word_1_14' title='bbox 969 1265 1013 1304; x_wconf 82' lang='lat' dir='ltr'>a.</span> <span class='ocrx_word' id='word_1_15' title='bbox 1039 1246 1178 1305; x_wconf 75' lang='lat'>1837</span> <span class='ocrx_word' id='word_1_16' title='bbox 1213 1250 1264 1304; x_wconf 88' lang='lat' dir='ltr'>in</span> <span class='ocrx_word' id='word_1_17' title='bbox 1299 1251 1411 1305; x_wconf 88' lang='lat' dir='ltr'>uico</span> <span class='ocrx_word' id='word_1_18' title='bbox 1449 1249 1671 1305; x_wconf 77' lang='lat' dir='ltr'>Gothano</span> <span class='ocrx_word' id='word_1_19' title='bbox 1706 1247 1979 1322; x_wconf 74' lang='lat' dir='ltr'>Hallungen</span> <span class='ocrx_word' id='word_1_20' title='bbox 2013 1255 2148 1320; x_wconf 81' lang='lat' dir='ltr'>patre</span> <span class='ocrx_word' id='word_1_21' title='bbox 2182 1246 2533 1311; x_wconf 71' lang='lat' dir='ltr'>Guilelmo,</span> 
     </span>
     <span class='ocr_line' id='line_1_4' title="bbox 194 1346 2533 1430; baseline -0.002 -18"><span class='ocrx_word' id='word_1_22' title='bbox 194 1355 383 1430; x_wconf 87' lang='lat' dir='ltr'>praedii</span> <span class='ocrx_word' id='word_1_23' title='bbox 415 1355 482 1410; x_wconf 90' lang='lat' dir='ltr'>ibi</span> <span class='ocrx_word' id='word_1_24' title='bbox 516 1373 824 1428; x_wconf 73' lang='lat' dir='ltr'>possessore,</span> <span class='ocrx_word' id='word_1_25' title='bbox 865 1364 1018 1411; x_wconf 74' lang='lat' dir='ltr'>matre</span> <span class='ocrx_word' id='word_1_26' title='bbox 1055 1355 1439 1411; x_wconf 76' lang='lat' dir='ltr'>Guilelmina</span> <span class='ocrx_word' id='word_1_27' title='bbox 1474 1373 1501 1410; x_wconf 96' lang='lat' dir='ltr'>e</span> <span class='ocrx_word' id='word_1_28' title='bbox 1535 1365 1675 1428; x_wconf 81' lang='lat' dir='ltr'>gente</span> <span class='ocrx_word' id='word_1_29' title='bbox 1710 1346 2121 1423; x_wconf 51' lang='lat' dir='ltr'>Hatten&#39;bacb,</span> <span class='ocrx_word' id='word_1_30' title='bbox 2159 1372 2286 1427; x_wconf 81' lang='lat' dir='ltr'>quos</span> <span class='ocrx_word' id='word_1_31' title='bbox 2323 1356 2533 1425; x_wconf 73' lang='lat' dir='ltr'>optimos</span> 
     </span>
     <span class='ocr_line' id='line_1_5' title="bbox 194 1460 2533 1537; baseline -0.002 -18"><span class='ocrx_word' id='word_1_32' title='bbox 194 1471 421 1537; x_wconf 78' lang='lat' dir='ltr'>parentes</span> <span class='ocrx_word' id='word_1_33' title='bbox 465 1470 526 1518; x_wconf 75' lang='lat' dir='ltr'>ut</span> <span class='ocrx_word' id='word_1_34' title='bbox 565 1479 793 1517; x_wconf 91' lang='lat' dir='ltr'>summus</span> <span class='ocrx_word' id='word_1_35' title='bbox 828 1463 949 1518; x_wconf 88' lang='lat' dir='ltr'>deus</span> <span class='ocrx_word' id='word_1_36' title='bbox 986 1463 1102 1518; x_wconf 88' lang='lat' dir='ltr'>mibi</span> <span class='ocrx_word' id='word_1_37' title='bbox 1139 1481 1286 1536; x_wconf 82' lang='lat' dir='ltr'>quam</span> <span class='ocrx_word' id='word_1_38' title='bbox 1325 1464 1595 1518; x_wconf 80' lang='lat' dir='ltr'>diutissime</span> <span class='ocrx_word' id='word_1_39' title='bbox 1630 1471 1794 1517; x_wconf 85' lang='lat' dir='ltr'>seruet</span> <span class='ocrx_word' id='word_1_40' title='bbox 1827 1464 1966 1518; x_wconf 87' lang='lat' dir='ltr'>enixe</span> <span class='ocrx_word' id='word_1_41' title='bbox 2003 1479 2185 1533; x_wconf 82' lang='lat' dir='ltr'>precor.</span> <span class='ocrx_word' id='word_1_42' title='bbox 2237 1460 2380 1515; x_wconf 82' lang='lat' dir='ltr'>fidem</span> <span class='ocrx_word' id='word_1_43' title='bbox 2419 1478 2533 1531; x_wconf 89' lang='lat' dir='ltr'>pro·</span> 
     </span>
     <span class='ocr_line' id='line_1_6' title="bbox 194 1567 2532 1652; baseline -0.002 -27"><span class='ocrx_word' id='word_1_44' title='bbox 194 1569 341 1652; x_wconf 67' lang='lat' dir='ltr'>fitem-</span> <span class='ocrx_word' id='word_1_45' title='bbox 384 1567 720 1643; x_wconf 84' lang='lat' dir='ltr'>euangelicam.</span> <span class='ocrx_word' id='word_1_46' title='bbox 784 1570 938 1640; x_wconf 90' lang='lat' dir='ltr'>prima</span> <span class='ocrx_word' id='word_1_47' title='bbox 981 1567 1246 1623; x_wconf 85' lang='lat' dir='ltr'>litterarum</span> <span class='ocrx_word' id='word_1_48' title='bbox 1295 1569 1526 1625; x_wconf 84' lang='lat' dir='ltr'>clementa</span> <span class='ocrx_word' id='word_1_49' title='bbox 1571 1587 1600 1624; x_wconf 97' lang='lat' dir='ltr'>a</span> <span class='ocrx_word' id='word_1_50' title='bbox 1645 1571 1844 1641; x_wconf 77' lang='lat' dir='ltr'>priuatis</span> <span class='ocrx_word' id='word_1_51' title='bbox 1889 1568 2276 1641; x_wconf 79' lang='lat' dir='ltr'>praeceptoribus</span> <span class='ocrx_word' id='word_1_52' title='bbox 2318 1568 2532 1632; x_wconf 86' lang='lat' dir='ltr'>edoctus,</span> 
     </span>
     <span class='ocr_line' id='line_1_7' title="bbox 198 1661 2532 1749; baseline -0.003 -16"><span class='ocrx_word' id='word_1_53' title='bbox 198 1676 327 1733; x_wconf 87' lang='lat' dir='ltr'>VIII</span> <span class='ocrx_word' id='word_1_54' title='bbox 362 1693 515 1731; x_wconf 90' lang='lat' dir='ltr'>annos</span> <span class='ocrx_word' id='word_1_55' title='bbox 562 1682 705 1730; x_wconf 78' lang='lat' dir='ltr'>natus</span> <span class='ocrx_word' id='word_1_56' title='bbox 738 1675 790 1729; x_wconf 90' lang='lat' dir='ltr'>in</span> <span class='ocrx_word' id='word_1_57' title='bbox 825 1661 1223 1748; x_wconf 77' lang='lat' dir='ltr'>progymnasium</span> <span class='ocrx_word' id='word_1_58' title='bbox 1258 1675 1594 1749; x_wconf 79' lang='lat' dir='ltr'>Escbwcgiae,</span> <span class='ocrx_word' id='word_1_59' title='bbox 1640 1676 1911 1731; x_wconf 78' lang='lat' dir='ltr'>Bessorum</span> <span class='ocrx_word' id='word_1_60' title='bbox 1949 1676 2138 1748; x_wconf 84' lang='lat' dir='ltr'>oppidi,</span> <span class='ocrx_word' id='word_1_61' title='bbox 2184 1676 2369 1729; x_wconf 84' lang='lat' dir='ltr'>missus</span> <span class='ocrx_word' id='word_1_62' title='bbox 2404 1691 2532 1738; x_wconf 88' lang='lat' dir='ltr'>sum,</span> 
     </span>
     <span class='ocr_line' id='line_1_8' title="bbox 196 1780 2532 1856; baseline -0.002 -18"><span class='ocrx_word' id='word_1_63' title='bbox 196 1784 283 1838; x_wconf 87' lang='lat' dir='ltr'>ubi</span> <span class='ocrx_word' id='word_1_64' title='bbox 327 1781 661 1838; x_wconf 76' lang='lat' dir='ltr'>Rossbachius</span> <span class='ocrx_word' id='word_1_65' title='bbox 704 1790 755 1837; x_wconf 74' lang='lat' dir='ltr'>et</span> <span class='ocrx_word' id='word_1_66' title='bbox 797 1782 1172 1855; x_wconf 79' lang='lat' dir='ltr'>Eichenbergius</span> <span class='ocrx_word' id='word_1_67' title='bbox 1202 1781 1485 1837; x_wconf 86' lang='lat' dir='ltr'>firmissima</span> <span class='ocrx_word' id='word_1_68' title='bbox 1518 1800 1709 1855; x_wconf 81' lang='lat' dir='ltr'>graecae</span> <span class='ocrx_word' id='word_1_69' title='bbox 1743 1782 2012 1854; x_wconf 79' lang='lat' dir='ltr'>latinaeque</span> <span class='ocrx_word' id='word_1_70' title='bbox 2046 1782 2322 1856; x_wconf 80' lang='lat' dir='ltr'>linguarum</span> <span class='ocrx_word' id='word_1_71' title='bbox 2356 1780 2532 1837; x_wconf 74' lang='lat' dir='ltr'>funda-</span> 
     </span>
     <span class='ocr_line' id='line_1_9' title="bbox 200 1888 2533 1965; baseline -0.001 -21"><span class='ocrx_word' id='word_1_72' title='bbox 200 1899 360 1945; x_wconf 82' lang='lat' dir='ltr'>menta</span> <span class='ocrx_word' id='word_1_73' title='bbox 411 1891 638 1944; x_wconf 81' lang='lat' dir='ltr'>iecerunt.</span> <span class='ocrx_word' id='word_1_74' title='bbox 708 1906 751 1943; x_wconf 88' lang='lat' dir='ltr'>a.</span> <span class='ocrx_word' id='word_1_75' title='bbox 798 1888 935 1945; x_wconf 89' lang='grc'>1851</span> <span class='ocrx_word' id='word_1_76' title='bbox 989 1891 1327 1963; x_wconf 74' lang='lat' dir='ltr'>transmigraui</span> <span class='ocrx_word' id='word_1_77' title='bbox 1380 1889 1655 1945; x_wconf 82' lang='lat' dir='ltr'>Molhusam</span> <span class='ocrx_word' id='word_1_78' title='bbox 1710 1890 2078 1965; x_wconf 76' lang='lat' dir='ltr'>Thur-ingorum</span> <span class='ocrx_word' id='word_1_79' title='bbox 2091 1928 2107 1956; x_wconf 89' lang='lat'><strong>,</strong></span> <span class='ocrx_word' id='word_1_80' title='bbox 2161 1889 2341 1945; x_wconf 86' lang='lat' dir='ltr'>Haunii</span> <span class='ocrx_word' id='word_1_81' title='bbox 2393 1888 2533 1949; x_wconf 81' lang='lat' dir='ltr'>euius</span> 
     </span>
     <span class='ocr_line' id='line_1_10' title="bbox 200 1994 2533 2070; baseline -0.001 -22"><span class='ocrx_word' id='word_1_82' title='bbox 200 1997 428 2066; x_wconf 73' lang='lat' dir='ltr'>auspiciis</span> <span class='ocrx_word' id='word_1_83' title='bbox 459 1994 661 2051; x_wconf 74' lang='lat' dir='ltr'>florebat</span> <span class='ocrx_word' id='word_1_84' title='bbox 694 2004 743 2051; x_wconf 81' lang='lat' dir='ltr'>et</span> <span class='ocrx_word' id='word_1_85' title='bbox 775 1995 965 2050; x_wconf 80' lang='lat' dir='ltr'>florebit</span> <span class='ocrx_word' id='word_1_86' title='bbox 997 1998 1306 2070; x_wconf 81' lang='lat' dir='ltr'>gymnasium</span> <span class='ocrx_word' id='word_1_87' title='bbox 1346 2005 1394 2051; x_wconf 86' lang='lat' dir='ltr'>et</span> <span class='ocrx_word' id='word_1_88' title='bbox 1429 1996 1587 2053; x_wconf 83' lang='lat' dir='ltr'>Caroli</span> <span class='ocrx_word' id='word_1_89' title='bbox 1621 1998 1827 2053; x_wconf 86' lang='lat' dir='ltr'>Ameisii</span> <span class='ocrx_word' id='word_1_90' title='bbox 1862 1995 2148 2068; x_wconf 82' lang='lat' dir='ltr'>praeclaram</span> <span class='ocrx_word' id='word_1_91' title='bbox 2183 1996 2533 2049; x_wconf 77' lang='lat' dir='ltr'>institutionem</span> 
     </span>
     <span class='ocr_line' id='line_1_11' title="bbox 204 2101 2535 2177; baseline 0 -23"><span class='ocrx_word' id='word_1_92' title='bbox 204 2108 480 2157; x_wconf 70' lang='lat' dir='ltr'>nacturus.</span> <span class='ocrx_word' id='word_1_93' title='bbox 537 2110 652 2175; x_wconf 83' lang='lat' dir='ltr'>post</span> <span class='ocrx_word' id='word_1_94' title='bbox 694 2103 953 2157; x_wconf 83' lang='lat' dir='ltr'>triennium</span> <span class='ocrx_word' id='word_1_95' title='bbox 990 2102 1174 2158; x_wconf 76' lang='lat' dir='ltr'>Gothae</span> <span class='ocrx_word' id='word_1_96' title='bbox 1217 2104 1529 2177; x_wconf 81' lang='lat' dir='ltr'>gymnasium</span> <span class='ocrx_word' id='word_1_97' title='bbox 1566 2103 1700 2175; x_wconf 82' lang='lat' dir='ltr'>quod</span> <span class='ocrx_word' id='word_1_98' title='bbox 1735 2101 1936 2157; x_wconf 76' lang='lat' dir='ltr'>inlustre</span> <span class='ocrx_word' id='word_1_99' title='bbox 1972 2111 2020 2157; x_wconf 80' lang='lat' dir='ltr'>et</span> <span class='ocrx_word' id='word_1_100' title='bbox 2054 2102 2318 2159; x_wconf 82' lang='lat' dir='ltr'>uocabatur</span> <span class='ocrx_word' id='word_1_101' title='bbox 2353 2110 2401 2155; x_wconf 84' lang='lat' dir='ltr'>et</span> <span class='ocrx_word' id='word_1_102' title='bbox 2436 2107 2535 2155; x_wconf 86' lang='lat' dir='ltr'>erat</span> 
     </span>
     <span class='ocr_line' id='line_1_12' title="bbox 199 2207 2533 2277; baseline -0 -14"><span class='ocrx_word' id='word_1_103' title='bbox 199 2207 434 2264; x_wconf 83' lang='lat' dir='ltr'>directore</span> <span class='ocrx_word' id='word_1_104' title='bbox 478 2211 654 2265; x_wconf 84' lang='lat' dir='ltr'>Rostio</span> <span class='ocrx_word' id='word_1_105' title='bbox 698 2210 819 2277; x_wconf 88' lang='lat' dir='ltr'>adii,</span> <span class='ocrx_word' id='word_1_106' title='bbox 864 2211 1005 2265; x_wconf 89' lang='lat' dir='ltr'>cuius</span> <span class='ocrx_word' id='word_1_107' title='bbox 1048 2211 1144 2264; x_wconf 90' lang='lat' dir='ltr'>uiri</span> <span class='ocrx_word' id='word_1_108' title='bbox 1188 2210 1455 2265; x_wconf 81' lang='lat' dir='ltr'>doctissimi</span> <span class='ocrx_word' id='word_1_109' title='bbox 1499 2219 1547 2265; x_wconf 86' lang='lat' dir='ltr'>et</span> <span class='ocrx_word' id='word_1_110' title='bbox 1592 2210 1784 2265; x_wconf 80' lang='lat' dir='ltr'>ottonis</span> <span class='ocrx_word' id='word_1_111' title='bbox 1821 2209 2094 2266; x_wconf 84' lang='lat' dir='ltr'>Schneideri</span> <span class='ocrx_word' id='word_1_112' title='bbox 2129 2217 2179 2264; x_wconf 74' lang='lat' dir='ltr'>et</span> <span class='ocrx_word' id='word_1_113' title='bbox 2212 2209 2271 2264; x_wconf 88' lang='lat' dir='ltr'>E.</span> <span class='ocrx_word' id='word_1_114' title='bbox 2298 2208 2533 2263; x_wconf 79' lang='lat' dir='ltr'>Wueste-</span> 
     </span>
     <span class='ocr_line' id='line_1_13' title="bbox 197 2315 2535 2391; baseline 0 -23"><span class='ocrx_word' id='word_1_115' title='bbox 197 2316 364 2368; x_wconf 87' lang='lat' dir='ltr'>manni</span> <span class='ocrx_word' id='word_1_116' title='bbox 397 2315 442 2372; x_wconf 89' lang='lat' dir='ltr'>b.</span> <span class='ocrx_word' id='word_1_117' title='bbox 479 2326 527 2372; x_wconf 78' lang='lat' dir='ltr'>et</span> <span class='ocrx_word' id='word_1_118' title='bbox 563 2317 617 2374; x_wconf 82' lang='lat'>0.</span> <span class='ocrx_word' id='word_1_119' title='bbox 640 2315 823 2391; x_wconf 83' lang='lat' dir='ltr'>Regelii</span> <span class='ocrx_word' id='word_1_120' title='bbox 857 2325 1045 2389; x_wconf 83' lang='lat' dir='ltr'>praeter</span> <span class='ocrx_word' id='word_1_121' title='bbox 1077 2325 1259 2372; x_wconf 78' lang='lat' dir='ltr'>ceteros</span> <span class='ocrx_word' id='word_1_122' title='bbox 1293 2319 1346 2372; x_wconf 88' lang='lat' dir='ltr'>in</span> <span class='ocrx_word' id='word_1_123' title='bbox 1379 2335 1457 2373; x_wconf 90' lang='lat' dir='ltr'>me</span> <span class='ocrx_word' id='word_1_124' title='bbox 1493 2319 1662 2372; x_wconf 83' lang='lat' dir='ltr'>merita</span> <span class='ocrx_word' id='word_1_125' title='bbox 1697 2316 1970 2372; x_wconf 84' lang='lat' dir='ltr'>celebranda</span> <span class='ocrx_word' id='word_1_126' title='bbox 1994 2323 2126 2371; x_wconf 75' lang='lat' dir='ltr'>sunt.</span> <span class='ocrx_word' id='word_1_127' title='bbox 2174 2324 2321 2387; x_wconf 80' lang='lat' dir='ltr'>atque</span> <span class='ocrx_word' id='word_1_128' title='bbox 2344 2315 2535 2370; x_wconf 71' lang='lat' dir='ltr'>ottonis</span> 
     </span>
     <span class='ocr_line' id='line_1_14' title="bbox 198 2411 2534 2497; baseline -0 -21"><span class='ocrx_word' id='word_1_129' title='bbox 198 2421 509 2492; x_wconf 82' lang='lat' dir='ltr'>potissimum</span> <span class='ocrx_word' id='word_1_130' title='bbox 542 2424 819 2480; x_wconf 79' lang='lat' dir='ltr'>Schneider-i</span> <span class='ocrx_word' id='word_1_131' title='bbox 861 2423 1060 2479; x_wconf 87' lang='lat' dir='ltr'>consilio</span> <span class='ocrx_word' id='word_1_132' title='bbox 1095 2424 1276 2480; x_wconf 78' lang='lat' dir='ltr'>factum</span> <span class='ocrx_word' id='word_1_133' title='bbox 1313 2433 1417 2491; x_wconf 81' lang='lat' dir='ltr'>est,</span> <span class='ocrx_word' id='word_1_134' title='bbox 1461 2434 1520 2480; x_wconf 71' lang='lat' dir='ltr'>ut</span> <span class='ocrx_word' id='word_1_135' title='bbox 1554 2425 1751 2481; x_wconf 86' lang='lat' dir='ltr'>Bonnae</span> <span class='ocrx_word' id='word_1_136' title='bbox 1785 2432 1834 2479; x_wconf 85' lang='lat' dir='ltr'>et</span> <span class='ocrx_word' id='word_1_137' title='bbox 1868 2411 2080 2479; x_wconf 84' lang='lat' dir='ltr'>Beroliui</span> <span class='ocrx_word' id='word_1_138' title='bbox 2113 2439 2390 2497; x_wconf 81' lang='lat' dir='ltr'>graecarum</span> <span class='ocrx_word' id='word_1_139' title='bbox 2426 2421 2534 2476; x_wconf 80' lang='lat' dir='ltr'>lati-</span> 
     </span>
     <span class='ocr_line' id='line_1_15' title="bbox 198 2525 2534 2604; baseline -0 -23"><span class='ocrx_word' id='word_1_140' title='bbox 198 2541 472 2597; x_wconf 83' lang='lat' dir='ltr'>narumque</span> <span class='ocrx_word' id='word_1_141' title='bbox 504 2525 768 2587; x_wconf 74' lang='lat' dir='ltr'>litterarum</span> <span class='ocrx_word' id='word_1_142' title='bbox 804 2531 968 2585; x_wconf 79' lang='lat' dir='ltr'>studio</span> <span class='ocrx_word' id='word_1_143' title='bbox 1003 2548 1229 2587; x_wconf 88' lang='lat' dir='ltr'>nauarem</span> <span class='ocrx_word' id='word_1_144' title='bbox 1268 2549 1480 2604; x_wconf 86' lang='lat' dir='ltr'>operam.</span> <span class='ocrx_word' id='word_1_145' title='bbox 1534 2533 1732 2587; x_wconf 89' lang='lat' dir='ltr'>Bonnae</span> <span class='ocrx_word' id='word_1_146' title='bbox 1766 2531 1876 2586; x_wconf 89' lang='lat' dir='ltr'>inde</span> <span class='ocrx_word' id='word_1_147' title='bbox 1913 2549 1940 2586; x_wconf 88' lang='lat' dir='ltr'>a</span> <span class='ocrx_word' id='word_1_148' title='bbox 1977 2548 2092 2586; x_wconf 87' lang='lat' dir='ltr'>uere</span> <span class='ocrx_word' id='word_1_149' title='bbox 2118 2548 2160 2585; x_wconf 84' lang='lat' dir='ltr'>a.</span> <span class='ocrx_word' id='word_1_150' title='bbox 2181 2528 2321 2586; x_wconf 80' lang='lat'>185⁷</span> <span class='ocrx_word' id='word_1_151' title='bbox 2347 2525 2534 2582; x_wconf 85' lang='lat' dir='ltr'>scholas</span> 
     </span>
     <span class='ocr_line' id='line_1_16' title="bbox 201 2631 2533 2705; baseline -0 -17"><span class='ocrx_word' id='word_1_152' title='bbox 201 2631 506 2704; x_wconf 73' lang='lat' dir='ltr'>frequentaui</span> <span class='ocrx_word' id='word_1_153' title='bbox 540 2635 800 2705; x_wconf 87' lang='lat' dir='ltr'>Brandisii,</span> <span class='ocrx_word' id='word_1_154' title='bbox 836 2637 1223 2705; x_wconf 83' lang='lat' dir='ltr'>Breidensteinii,</span> <span class='ocrx_word' id='word_1_155' title='bbox 1261 2638 1579 2705; x_wconf 81' lang='lat' dir='ltr'>Dahlmannii‚</span> <span class='ocrx_word' id='word_1_156' title='bbox 1616 2638 1780 2704; x_wconf 70' lang='lat' dir='ltr'>ninii,</span> <span class='ocrx_word' id='word_1_157' title='bbox 1819 2637 1876 2692; x_wconf 87' lang='lat'>0.</span> <span class='ocrx_word' id='word_1_158' title='bbox 1902 2638 2069 2704; x_wconf 89' lang='lat' dir='ltr'>Iahnii‚</span> <span class='ocrx_word' id='word_1_159' title='bbox 2105 2635 2348 2702; x_wconf 87' lang='lat' dir='ltr'>Loebellii,</span> <span class='ocrx_word' id='word_1_160' title='bbox 2383 2636 2533 2704; x_wconf 87' lang='lat' dir='ltr'>Leop.</span> 
     </span>
     <span class='ocr_line' id='line_1_17' title="bbox 201 2733 2534 2817; baseline 0 -22"><span class='ocrx_word' id='word_1_161' title='bbox 201 2737 478 2806; x_wconf 76' lang='lat' dir='ltr'>schmidui,</span> <span class='ocrx_word' id='word_1_162' title='bbox 522 2739 788 2815; x_wconf 83' lang='lat' dir='ltr'>Springeri,</span> <span class='ocrx_word' id='word_1_163' title='bbox 832 2744 1061 2800; x_wconf 83' lang='lat' dir='ltr'>Friderici</span> <span class='ocrx_word' id='word_1_164' title='bbox 1084 2744 1368 2817; x_wconf 31' lang='lat' dir='ltr'>‘Ritscbelih</span> <span class='ocrx_word' id='word_1_165' title='bbox 1405 2733 1657 2817; x_wconf 87' lang='lat' dir='ltr'>Schopeni,</span> <span class='ocrx_word' id='word_1_166' title='bbox 1693 2744 1964 2810; x_wconf 75' lang='lat' dir='ltr'>Welckeri3</span> <span class='ocrx_word' id='word_1_167' title='bbox 2011 2752 2059 2798; x_wconf 79' lang='lat' dir='ltr'>et</span> <span class='ocrx_word' id='word_1_168' title='bbox 2093 2744 2244 2816; x_wconf 87' lang='lat' dir='ltr'>Leop.</span> <span class='ocrx_word' id='word_1_169' title='bbox 2282 2741 2534 2798; x_wconf 77' lang='lat' dir='ltr'>Schmidtii</span> 
     </span>
     <span class='ocr_line' id='line_1_18' title="bbox 199 2846 2531 2924; baseline 0.001 -23"><span class='ocrx_word' id='word_1_170' title='bbox 199 2846 617 2902; x_wconf 61' lang='lat' dir='ltr'>exercitationibus</span> <span class='ocrx_word' id='word_1_171' title='bbox 654 2849 814 2920; x_wconf 83' lang='lat' dir='ltr'>philol.</span> <span class='ocrx_word' id='word_1_172' title='bbox 848 2851 1061 2907; x_wconf 74' lang='lat' dir='ltr'>interfui.</span> <span class='ocrx_word' id='word_1_173' title='bbox 1114 2860 1362 2924; x_wconf 86' lang='lat' dir='ltr'>postremo</span> <span class='ocrx_word' id='word_1_174' title='bbox 1396 2852 1509 2907; x_wconf 85' lang='lat' dir='ltr'>iude</span> <span class='ocrx_word' id='word_1_175' title='bbox 1541 2851 1601 2906; x_wconf 82' lang='lat' dir='ltr'>sb</span> <span class='ocrx_word' id='word_1_176' title='bbox 1629 2869 1672 2906; x_wconf 88' lang='lat' dir='ltr'>a.</span> <span class='ocrx_word' id='word_1_177' title='bbox 1692 2852 1832 2907; x_wconf 82' lang='lat'>1859</span> <span class='ocrx_word' id='word_1_178' title='bbox 1855 2850 2066 2907; x_wconf 79' lang='lat' dir='ltr'>Berollni</span> <span class='ocrx_word' id='word_1_179' title='bbox 2089 2849 2333 2917; x_wconf 79' lang='lat' dir='ltr'>Boeckhil,</span> <span class='ocrx_word' id='word_1_180' title='bbox 2367 2849 2531 2920; x_wconf 81' lang='lat' dir='ltr'>Droy-</span> 
     </span>
     <span class='ocr_line' id='line_1_19' title="bbox 198 2954 2531 3033; baseline 0 -25"><span class='ocrx_word' id='word_1_181' title='bbox 198 2954 332 3019; x_wconf 86' lang='lat' dir='ltr'>senii,</span> <span class='ocrx_word' id='word_1_182' title='bbox 367 2954 584 3026; x_wconf 79' lang='lat' dir='ltr'>Hauptii‚</span> <span class='ocrx_word' id='word_1_183' title='bbox 619 2955 1044 3033; x_wconf 83' lang='lat' dir='ltr'>Trcndelenburgii</span> <span class='ocrx_word' id='word_1_184' title='bbox 1079 2959 1292 3014; x_wconf 80' lang='lat' dir='ltr'>doctrina</span> <span class='ocrx_word' id='word_1_185' title='bbox 1328 2977 1452 3014; x_wconf 88' lang='lat' dir='ltr'>usus</span> <span class='ocrx_word' id='word_1_186' title='bbox 1486 2977 1615 3029; x_wconf 77' lang='lat' dir='ltr'>sum.</span> <span class='ocrx_word' id='word_1_187' title='bbox 1650 2968 1891 3031; x_wconf 81' lang='lat' dir='ltr'>praeterea</span> <span class='ocrx_word' id='word_1_188' title='bbox 1926 2976 2013 3031; x_wconf 86' lang='lat' dir='ltr'>per</span> <span class='ocrx_word' id='word_1_189' title='bbox 2039 2959 2090 3013; x_wconf 92' lang='lat'>11</span> <span class='ocrx_word' id='word_1_190' title='bbox 2114 2959 2362 3013; x_wconf 76' lang='lat' dir='ltr'>semestris</span> <span class='ocrx_word' id='word_1_191' title='bbox 2384 2956 2531 3011; x_wconf 88' lang='lat' dir='ltr'>semi-</span> 
     </span>
     <span class='ocr_line' id='line_1_20' title="bbox 197 3059 2532 3138; baseline 0.001 -24"><span class='ocrx_word' id='word_1_192' title='bbox 197 3060 315 3114; x_wconf 90' lang='lat' dir='ltr'>narii</span> <span class='ocrx_word' id='word_1_193' title='bbox 360 3059 587 3135; x_wconf 84' lang='lat' dir='ltr'>philolog.</span> <span class='ocrx_word' id='word_1_194' title='bbox 622 3062 800 3117; x_wconf 88' lang='lat' dir='ltr'>sodalis</span> <span class='ocrx_word' id='word_1_195' title='bbox 843 3067 1112 3121; x_wconf 84' lang='lat' dir='ltr'>ordinarius</span> <span class='ocrx_word' id='word_1_196' title='bbox 1160 3065 1260 3132; x_wconf 81' lang='lat' dir='ltr'>fui,</span> <span class='ocrx_word' id='word_1_197' title='bbox 1304 3083 1392 3138; x_wconf 80' lang='lat' dir='ltr'>per</span> <span class='ocrx_word' id='word_1_198' title='bbox 1425 3067 1449 3120; x_wconf 93' lang='lat'>1</span> <span class='ocrx_word' id='word_1_199' title='bbox 1485 3065 1914 3138; x_wconf 81' lang='lat' dir='ltr'>Treudelenburgii</span> <span class='ocrx_word' id='word_1_200' title='bbox 1954 3064 2255 3137; x_wconf 86' lang='lat' dir='ltr'>pbilosophis</span> <span class='ocrx_word' id='word_1_201' title='bbox 2301 3064 2532 3120; x_wconf 82' lang='lat' dir='ltr'>exercita-</span> 
     </span>
     <span class='ocr_line' id='line_1_21' title="bbox 196 3163 2531 3244; baseline 0.001 -23"><span class='ocrx_word' id='word_1_202' title='bbox 196 3168 412 3222; x_wconf 82' lang='lat' dir='ltr'>tionibus</span> <span class='ocrx_word' id='word_1_203' title='bbox 457 3166 669 3224; x_wconf 80' lang='lat' dir='ltr'>interfui.</span> <span class='ocrx_word' id='word_1_204' title='bbox 729 3170 813 3241; x_wconf 87' lang='lat' dir='ltr'>qui</span> <span class='ocrx_word' id='word_1_205' title='bbox 861 3174 978 3239; x_wconf 86' lang='lat' dir='ltr'>uiri,</span> <span class='ocrx_word' id='word_1_206' title='bbox 1024 3183 1082 3228; x_wconf 79' lang='lat' dir='ltr'>ut</span> <span class='ocrx_word' id='word_1_207' title='bbox 1126 3172 1267 3228; x_wconf 85' lang='lat' dir='ltr'>laude</span> <span class='ocrx_word' id='word_1_208' title='bbox 1313 3190 1421 3228; x_wconf 89' lang='lat' dir='ltr'>mea</span> <span class='ocrx_word' id='word_1_209' title='bbox 1465 3173 1671 3227; x_wconf 84' lang='lat' dir='ltr'>maiores</span> <span class='ocrx_word' id='word_1_210' title='bbox 1718 3180 1859 3238; x_wconf 86' lang='lat' dir='ltr'>sunt,</span> <span class='ocrx_word' id='word_1_211' title='bbox 1906 3174 1972 3226; x_wconf 81' lang='lat' dir='ltr'>ita</span> <span class='ocrx_word' id='word_1_212' title='bbox 2021 3189 2169 3244; x_wconf 82' lang='lat' dir='ltr'>quam</span> <span class='ocrx_word' id='word_1_213' title='bbox 2205 3172 2323 3225; x_wconf 85' lang='lat' dir='ltr'>bene</span> <span class='ocrx_word' id='word_1_214' title='bbox 2357 3170 2417 3225; x_wconf 84' lang='lat' dir='ltr'>de</span> <span class='ocrx_word' id='word_1_215' title='bbox 2453 3163 2531 3224; x_wconf 87' lang='lat' dir='ltr'>me</span> 
     </span>
     <span class='ocr_line' id='line_1_22' title="bbox 197 3276 2528 3352; baseline 0.001 -25"><span class='ocrx_word' id='word_1_216' title='bbox 197 3290 354 3344; x_wconf 83' lang='lat' dir='ltr'>usque</span> <span class='ocrx_word' id='word_1_217' title='bbox 396 3276 494 3330; x_wconf 84' lang='lat' dir='ltr'>sint</span> <span class='ocrx_word' id='word_1_218' title='bbox 534 3277 713 3341; x_wconf 79' lang='lat' dir='ltr'>meriti,</span> <span class='ocrx_word' id='word_1_219' title='bbox 757 3280 960 3332; x_wconf 87' lang='lat' dir='ltr'>memori</span> <span class='ocrx_word' id='word_1_220' title='bbox 993 3289 1151 3336; x_wconf 73' lang='lat' dir='ltr'>mente</span> <span class='ocrx_word' id='word_1_221' title='bbox 1186 3289 1236 3335; x_wconf 84' lang='lat' dir='ltr'>et</span> <span class='ocrx_word' id='word_1_222' title='bbox 1269 3280 1444 3335; x_wconf 79' lang='lat' dir='ltr'>sentire</span> <span class='ocrx_word' id='word_1_223' title='bbox 1479 3280 1582 3351; x_wconf 90' lang='lat' dir='ltr'>ipse</span> <span class='ocrx_word' id='word_1_224' title='bbox 1617 3287 1666 3334; x_wconf 77' lang='lat' dir='ltr'>et</span> <span class='ocrx_word' id='word_1_225' title='bbox 1699 3278 1854 3351; x_wconf 88' lang='lat' dir='ltr'>palam</span> <span class='ocrx_word' id='word_1_226' title='bbox 1893 3278 2103 3352; x_wconf 81' lang='lat' dir='ltr'>profiteri</span> <span class='ocrx_word' id='word_1_227' title='bbox 2137 3295 2405 3350; x_wconf 80' lang='lat' dir='ltr'>numquam</span> <span class='ocrx_word' id='word_1_228' title='bbox 2444 3276 2528 3331; x_wconf 90' lang='lat' dir='ltr'>de-</span> 
     </span>
     <span class='ocr_line' id='line_1_23' title="bbox 198 3380 2527 3461; baseline 0.003 -30"><span class='ocrx_word' id='word_1_229' title='bbox 198 3380 368 3435; x_wconf 88' lang='lat' dir='ltr'>sinam.</span> <span class='ocrx_word' id='word_1_230' title='bbox 420 3384 630 3440; x_wconf 81' lang='lat' dir='ltr'>maxime</span> <span class='ocrx_word' id='word_1_231' title='bbox 666 3400 784 3438; x_wconf 90' lang='lat' dir='ltr'>uero</span> <span class='ocrx_word' id='word_1_232' title='bbox 821 3386 1096 3455; x_wconf 79' lang='lat' dir='ltr'>parentibus</span> <span class='ocrx_word' id='word_1_233' title='bbox 1133 3388 1393 3441; x_wconf 76' lang='lat' dir='ltr'>carissimis</span> <span class='ocrx_word' id='word_1_234' title='bbox 1428 3386 1478 3441; x_wconf 89' lang='lat' dir='ltr'>id</span> <span class='ocrx_word' id='word_1_235' title='bbox 1512 3404 1591 3442; x_wconf 91' lang='lat' dir='ltr'>me</span> <span class='ocrx_word' id='word_1_236' title='bbox 1626 3387 1797 3442; x_wconf 91' lang='lat' dir='ltr'>debere</span> <span class='ocrx_word' id='word_1_237' title='bbox 1830 3396 1996 3461; x_wconf 80' lang='lat' dir='ltr'>gratus</span> <span class='ocrx_word' id='word_1_238' title='bbox 2032 3394 2199 3451; x_wconf 83' lang='lat' dir='ltr'>testor,</span> <span class='ocrx_word' id='word_1_239' title='bbox 2236 3385 2367 3456; x_wconf 87' lang='lat' dir='ltr'>quod</span> <span class='ocrx_word' id='word_1_240' title='bbox 2396 3385 2527 3456; x_wconf 88' lang='lat' dir='ltr'>prin-</span> 
     </span>
     <span class='ocr_line' id='line_1_24' title="bbox 196 3486 2467 3566; baseline 0.003 -26"><span class='ocrx_word' id='word_1_241' title='bbox 196 3486 355 3556; x_wconf 87' lang='lat' dir='ltr'>cipum</span> <span class='ocrx_word' id='word_1_242' title='bbox 389 3489 440 3542; x_wconf 89' lang='lat' dir='ltr'>in</span> <span class='ocrx_word' id='word_1_243' title='bbox 473 3507 563 3546; x_wconf 85' lang='lat' dir='ltr'>sua</span> <span class='ocrx_word' id='word_1_244' title='bbox 597 3492 835 3564; x_wconf 81' lang='lat' dir='ltr'>cuiusque</span> <span class='ocrx_word' id='word_1_245' title='bbox 869 3498 1004 3563; x_wconf 80' lang='lat' dir='ltr'>parte</span> <span class='ocrx_word' id='word_1_246' title='bbox 1039 3493 1260 3547; x_wconf 86' lang='lat' dir='ltr'>uirorum</span> <span class='ocrx_word' id='word_1_247' title='bbox 1296 3491 1544 3564; x_wconf 83' lang='lat' dir='ltr'>disciplina</span> <span class='ocrx_word' id='word_1_248' title='bbox 1578 3502 1627 3549; x_wconf 74' lang='lat' dir='ltr'>et</span> <span class='ocrx_word' id='word_1_249' title='bbox 1660 3495 1960 3550; x_wconf 79' lang='lat' dir='ltr'>institutione</span> <span class='ocrx_word' id='word_1_250' title='bbox 1995 3494 2070 3548; x_wconf 84' lang='lat' dir='ltr'>uti</span> <span class='ocrx_word' id='word_1_251' title='bbox 2103 3491 2222 3547; x_wconf 88' lang='lat' dir='ltr'>mibi</span> <span class='ocrx_word' id='word_1_252' title='bbox 2258 3493 2467 3566; x_wconf 72' lang='lat' dir='ltr'>contigit.</span> 
     </span>
    </p>
   </div>
  </div>
 </body>
</html>
