2638 4404
1337 24 1376 90 ’2

183 208 442 295 praeter
496 206 741 273 eeteros
800 207 873 268 ut
912 201 1015 271 sui
1068 201 1392 273 custodem
1452 201 1732 271 maxime
1786 203 2023 273 cultum
2075 223 2220 272 esse
2232 253 2250 288 ,
2303 224 2533 279 nomen

189 318 295 385 est
332 310 680 379 Patareus
724 329 781 375 c.
806 309 931 393 ΠΙ,
965 309 1037 394 4,
1069 310 1157 377 64
1200 330 1242 379 a
1286 310 1534 379 Pataris
1579 310 1817 396 Lyciae
1862 312 2018 379 urbe
2062 310 2318 381 dictum.
2409 332 2535 378 me·

189 418 375 489 minit
413 416 677 487 Seruius
720 416 809 483 ad
836 417 1023 501 Verg.
1062 416 1219 485 Aen.
1261 417 1407 500 ΙΠΙ,
1445 417 1576 483 144
1614 417 1751 483 Pat.
1781 417 2020 503 Lyciae
2066 417 2533 489 ciuitatem..

186 525 358 595 unde
412 519 762 609 Παταρεύς
803 523 1032 608 Apollo
1077 523 1306 591 dicitur
1359 519 1467 608 (cf.
1501 524 1791 592 Strabon.
1834 525 2055 609 XIIII,
2099 547 2164 609 p.
2196 526 2357 610 6663
2412 525 2538 612 Ly-

183 633 409 720 cophr.
444 653 507 699 u.
544 632 710 716 9203
765 629 1055 701 Eustath.
1096 629 1182 699 ad
1222 630 1411 701 Dion.
1451 631 1593 699 Per.
1633 652 1695 699 ιι.
1739 633 1895 719 129,
1954 632 2141 701 Mela.
2186 632 2247 713 Ι,
2293 632 2408 717 15,
2442 630 2536 716 3).

185 739 513 811 oraculum
554 744 869 809 memorat
907 737 1100 807 etiam
1130 737 1364 824 Vergil.
1394 738 1470 805 A.
1501 739 1607 825 IV,
1640 740 1774 807 346
1807 684 2082 809 ‘Italiam
2127 739 2370 917 Lyciae
2411 742 2537 809 ius·

191 868 340 917 sere
381 866 713 931 capessere
759 841 1001 917 sortes?

368 951 782 1036 Barnun-eus,
810 951 1049 1023 Bacchi
1089 970 1340 1036 nomen,
1386 951 1560 1036 quod
1587 959 1762 1023 extat
1807 975 1862 1023 c.
1891 954 1941 1039 I,
1977 955 2079 1039 18,
2117 956 2243 1039 11,
2263 975 2394 1025 non
2424 954 2537 1021 du·

194 1061 607 1144 bitandumst,
667 1060 818 1144 quin
856 1059 1109 1145 graecis
1152 1058 1566 1144 scriptoribus
1624 1060 2086 1145 frequentatum
2139 1061 2356 1145 fuerit,
2412 1062 2536 1129 etsi

185 1192 228 1239 a
271 1171 459 1249 nobis
501 1190 630 1239 non
672 1169 801 1237 nisi.
841 1167 1017 1255 apud
1061 1165 1405 1255 Cornutum
1449 1187 1511 1252 p.
1546 1167 1674 1235 219
1723 1167 1868 1237 Gal.
1907 1175 1978 1236 et
2007 1169 2074 1234 in
2103 1169 2386 1237 Bekkeri
2413 1168 2533 1237 An.

181 1300 248 1366 p.
282 1278 449 1361 222,
511 1278 593 1343 26
660 1276 924 1361 legatur.
998 1272 1401 1343 ‘Bassaricas
1457 1271 1702 1345 comas’
1753 1275 2116 1362 Propertius
2172 1275 2335 1345 dixit
2388 1277 2538 1361 1111,

186 1386 292 1470 17,
324 1385 445 1470 3ος
475 1379 826 1453 ‘Bassaris'
869 1381 1126 1453 Persius
1162 1381 1403 1465 1,101.

367 1489 552 1569 Quod
596 1490 770 1559 ualet
810 1489 1031 1559 etiam·
1059 1489 1142 1559 de
1186 1488 1446 1556 οτιλίαε.
1501 1508 1555 1556 e.
1584 1487 1707 1573 III,
1754 1487 1868 1573 25,
1915 1489 1988 1555 9.
2034 1484 2191 1559 ‘non
2235 1509 2422 1561 secus
2467 1491 2535 1558 in

183 1599 356 1685 iugis
409 1596 676 1667 Edonis
711 1602 924 1682 stupet
977 1592 1226 1663 euhias'
1283 1591 1408 1679 (sic
1463 1594 1634 1667 enim
1687 1595 1990 1665 Horatius
2044 1597 2328 1684 scripsit3
2382 1621 2533 1665 nam

189 1706 462 1775 Orellius
490 1703 652 1775 mire
693 1699 977 1788 iudicat).
1021 1703 1063 1769 i.
1093 1724 1153 1770 e.
1190 1702 1424 1789 thyias,
1471 1701 1728 1771 baecha.
1772 1739 1861 1757 -ψ-
1907 1700 2166 1782 εὗϊάδες
2209 1705 2532 1792 Hesychio

185 1813 464 1899 ἄμπελοι
514 1817 681 1881 sunt.
767 1805 1101 1896 Antipater
1153 1809 1407 1879 Anthol.
1449 1809 1585 1881 Pal.
1631 1809 1706 1894 9,
1751 1810 1911 1894 603,
1955 1811 1995 1875 9
2056 1810 2261 1894 λύσσᾳ
2317 1809 2534 1879 ειιϊάδι

185 1919 263 2006 (ι.
292 1942 350 1989 e.
391 1913 737 2003 bacchica).

370 2026 647 2095 Alterum
687 2045 892 2112 genus
935 2044 1304 2110 graecorum
1349 2030 1454 2093 est
1492 2021 1770 2093 horunce
1812 2024 2373 2111 adpellatiuorum·

372 2130 692 2222 Amystis.
753 2152 807 2200 c.
843 2132 904 2218 I,
951 2132 1066 2216 36,
1118 2132 1232 2197 14.
1275 2127 1429 2199 ‘neu
1485 2130 1666 2199 multi
1709 2131 1999 2200 Damalis
2056 2133 2219 2204 meri
2258 2135 2532 2204 Bassum

187 2241 485 2312 Threicia
512 2241 729 2326 umcat
768 2234 1118 2326 amystide-³
1184 2238 1452 2324 ἄμυστις
1493 2239 1760 2336 potandi
1801 2261 2022 2326 genus,
2062 2241 2415 2311 Thracibus
2463 2250 2533 2310 ut

186 2349 436 2418 uidetur
478 2349 758 2434 maxime
801 2353 1134 2448 acceptum
1180 2343 1601 2433 (Hesychiusz
1652 2343 1911 2435 συνεχὴς
1957 2344 2168 2435 πόσις)
2213 2357 2278 2417 et
2319 2350 2530 2437 poculi

183 2476 387 2541 genus
441 2464 561 2525 est.
649 2456 1037 2542 Graecorum
1092 2460 1163 2521 ut
1216 2455 1378 2522 alios
1436 2454 1679 2524 mittam
1737 2475 1894 2524 usus
1951 2463 2051 2525 est
2106 2456 2529 2526 Callimachus

185 2562 259 2629 fr.
295 2559 453 2650 109)
493 2563 668 2649 apud
712 2561 940 2642 Athen.
985 2583 1048 2647 p.
1078 2561 1210 2628 442
1242 2568 1308 2629 et
1334 2562 1465 2630 477
1511 2563 1790 2631 Macrob.
1818 2570 1936 2634 sat.
1967 2565 2029 2648 5,
2062 2561 2211 2647 21):

451 2673 561 2736 καὶ
601 2666 727 2757 γὰρ
773 2665 809 2737 ὃ
858 2671 1161 2756 Θρηῒκῶην
1201 2672 1325 2754 μὲν
1367 2666 1685 2752 ἀπέστυγε
1726 2667 1978 2753 χανδὸν
2021 2672 2292 2754 ἄμυστιν

455 2776 863 2861 ζωροποτεῖν·
911 2774 1107 2864 ὀλίγῳ
1156 2773 1228 2842 δ’
1257 2775 1448 2861 ἥδετο
1491 2780 1828 2865 ιασσυβίῳ.-

373 2881 737 2960 Cibarium.
767 2906 819 2952 e.
841 2885 922 2970 II,
949 2886 1009 2969 7,
1034 2877 1509 2954 222‘0b1iuioso
1538 2884 1709 2954 leuia
1730 2884 2007 2956 Massico
2038 2884 2277 2968 ciboria
2308 2881 2527 2971 exple.

183 2989 492 3079 κιβώριον
537 2998 636 3059 est
678 2991 1061 3070 κολοκασίας
1106 2990 1245 3059 siue
1274 3013 1528 3075 κυαμου
1554 2993 1999 3074 Αιγυπτιακοῦ
2045 2990 2374 3078 (ciboriam
2419 2994 2527 3059 ad-

181 3103 383 3189 pellat
423 3099 656 3187 Appul.
687 3098 858 3168 herb.
891 3093 1004 3184 67)
1051 3098 1477 3185 pericarpium
1523 3094 1632 3185 (cf.
1660 3077 1850 3168 Diua.
1880 3101 1934 3184 Ι,
1961 3097 2096 3184 34),
2143 3101 2377 3168 deinde
2421 3122 2528 3187 po-

183 3210 397 3278 culum
441 3208 510 3274 in
554 3203 742 3276 huius
785 3205 1261 3274 similitudinem
1306 3205 1543 3286 factum
1585 3201 1697 3291 (cf.
1726 3206 1985 3294 Didym.
2020 3230 2124 3294 ap.
2155 3207 2382 3274 Athen.
2413 3209 2527 3293 XI,

183 3338 249 3403 p.
280 3317 408 3382 477
440 3310 545 3400 Ε).
631 3312 754 3380 hoc
808 3313 1181 3380 uocabulum
1234 3334 1491 3404 semper
1543 3312 1846 3401 deinceps
1905 3315 1968 3382 in
2023 3336 2146 3382 usu
2190 3315 2389 3382 fuisse
2433 3336 2527 3381 ar-

181 3428 388 3510 guunt
437 3423 875 3490 Romanenses
943 3419 1216 3508 linguae.
1317 3421 1465 3508 Itaii
1529 3421 1698 3490 enim
1751 3416 2060 3507 ‘ciborio²,
2127 3422 2528 3508 Francogalli

178 3526 469 3598 ‘eiboire'
512 3529 807 3617 poculum
851 3526 1103 3612 dicunt,
1159 3548 1282 3614 quo
1329 3536 1801 3618 sacrosanctum
1844 3530 1894 3595 I.
1926 3529 1995 3596 G.
2041 3549 2268 3616 corpus
2313 3530 2526 3598 adser-

185 3644 386 3706 uatur.
456 3643 521 3704 et
563 3637 631 3702 ιιι
673 3633 1093 3712 architectura
1122 3611 1416 3702 ‘ciboria'
1462 3636 1777 3724 hodieque
1822 3637 2229 3722 tabernacula
2272 3658 2524 3704 ararum

188 3751 488 3814 uocantur
531 3740 641 3830 (ef.
684 3744 793 3811 Du
837 3742 1077 3830 Gange,
1119 3739 1377 3828 Gloss.).

361 3849 597 3922 Diota.
644 3873 697 3922 c.
728 3853 779 3938 I,
810 3852 870 3937 9,
902 3852 976 3920 8.
1007 3849 1227 3934 ‘atque
1271 3850 1607 3937 benignius
1652 3825 1953 3937 deprome
1983 3850 2382 3936 quadrimum
2414 3850 2524 3918 Sa-

183 3960 415 4030 bina..
440 3980 722 4030 .merum
752 3957 965 4030 diota.²
986 3995 1072 4007 —-
1096 3958 1479 4030 adiectiuum
1511 3959 1739 4034 δίωτοι·
1768 3958 1942 4044 apud
1970 3959 2297 4026 Platonem
2327 3958 2521 4044 Hipp.
2631 3949 2632 3994 ἕ

179 4089 273 4140 m.-
286 4089 350 4155 p.
376 4069 507 4136 288
533 4068 595 4134 D
625 4074 843 4138 extat·
861 4088 1089 4154 graece
1120 4066 1346 4144 dicatve,-
1377 4066 1480 4134 uel
1513 4065 1725 4143 διωτὶς
1755 4065 2093 4151 diceretur3
2133 4084 2259 4131 non
2293 4062 2523 4149 διαίτης
2629 4109 2630 4160 3

178 4195 298 4246 nec
340 4175 541 4261 διαίτη
588 4169 676 4259 (ιι.
705 4171 966 4262 Bentl.);
1001 4168 1233 4244 ‘diota’
1275 4174 1478 4242 latina
1521 4171 1861 4244 inflexione
1905 4172 2140 4240 dictum
2171 4166 2271 4255 (ut
2296 4169 2517 4254 παρά·
2629 4171 2630 4200 ³

2473 4293 2631 4373 Α
