2638 4404
1277 29 1363 99 27

144 215 460 296 rosanus,
503 233 655 282 nam
698 211 850 280 olim
893 216 1061 278 certe
1105 210 1409 277 extabant
1445 206 1637 275 etiam
1667 206 1991 275 Saturium
2020 211 2085 273 et
2113 203 2489 275 Satureium.

144 333 220 395 ut
261 330 480 392 notum
527 327 627 389 est
665 318 1064 406 Turpuleius,
1109 316 1474 403 Turpulius‚
1520 314 1876 401 Turpilius,
1920 313 2314 399 Verguleius,
2343 313 2492 381 Ver-

141 433 371 521 gilius3
438 429 769 514 Casseius,
824 426 1118 511 Cassius,
1186 424 1487 509 Cassius3
1555 422 1999 490 Placideianus
2013 471 2031 507 ,
2083 422 2491 491 Placidianus

141 538 248 627 (n.
291 537 547 607 Gruteri
586 530 817 620 Thes.)
880 534 1116 601 formas
1184 532 1253 598 in
1306 553 1430 599 usu
1483 530 1703 599 fuisse.
1758 568 1849 578 --
1903 550 2047 597 cum
2101 536 2317 598 tamen
2370 531 2496 599 hoc

141 653 509 736 reputarem
522 696 540 730 ,
592 643 988 712 satureianos
1045 660 1243 724 equos
1299 639 1546 708 nobiles
1589 638 1932 723 magnique
1974 638 2251 707 nominis
2294 659 2496 723 equos

143 757 355 825 fuisse
397 753 649 838 debere,
693 752 1081 833 mirarerque
1110 753 1463 835 propterea,
1508 766 1821 830 nusquam
1855 746 2009 815 alibi
2037 748 2499 815 conmemorari

144 864 234 932 de
280 863 377 931 eis
419 868 612 946 atque
654 860 820 927 adeo
862 878 947 925 ne
990 856 1059 923 id
1088 854 1348 939 quidem
1385 875 1428 922 a
1455 873 1774 938 quoquam
1802 853 2041 940 referri,
2085 850 2306 941 aptam
2348 874 2499 925 esse

144 972 329 1039 illam
385 969 711 1054 regionem
765 964 947 1049 equis
962 1014 980 1050 ,
1048 963 1369 1049 subrepsit
1429 962 1713 1029 animum
1775 961 2023 1047 opinio,
2089 963 2501 1057 scripserime

146 1077 485 1147 Horatius:
524 1073 682 1142 ‘non
739 1093 860 1158 ego
915 1072 1150 1140 circum
1205 1091 1308 1138 me
1363 1079 1524 1138 sata
1576 1069 1865 1136 urciano
1923 1069 2166 1139 uectari
2205 1091 2354 1137 rura
2395 1090 2500 1138 ca·

148 1182 357 1255 ballo?
422 1183 681 1259 ‚Strabo
740 1179 911 1248 enim
977 1179 1021 1246 L
1062 1179 1181 1264 VI,
1236 1200 1301 1264 p.
1345 1178 1477 1245 284
1541 1177 1895 1261 κάμπτονπ
1963 1176 2038 1243 δὲ
2101 1172 2221 1264 τὴν
2286 1176 2499 1264 ἄκραν

148 1285 540 1383 [Γάργανον]
586 1287 1008 1374 πυλωμάτων
1041 1285 1383 1370 Οὔρειον
1409 1280 1490 1369 (s.
1525 1281 1811 1370 Οὔριον),
1859 1331 1876 1349 .
1900 1330 1917 1349 .
1940 1331 1958 1351 .
1986 1330 2004 1350 .
2045 1283 2179 1352 ἔστι
2209 1283 2284 1350 δὲ
2312 1286 2495 1351 πᾶσα

148 1398 189 1490 ἢ
233 1401 416 1485 χώρα
462 1396 624 1483 αὕτη
668 1391 1020 1482 παμφόρος
1061 1417 1131 1459 τε
1174 1397 1287 1459 καὶ
1323 1392 1716 1480 πολυφόρος,
1761 1399 2031 1469 ἵπποις
2077 1392 2153 1458 δὲ
2180 1399 2291 1459 καὶ
2329 1416 2495 1479 προ-

146 1510 373 1596 βάτοις
417 1503 721 1592 ἀρίστη.
808 1502 980 1570 idem
1024 1501 1337 1588 oppidum
1379 1523 1421 1569 a
1464 1501 1621 1568 Ptol.
1651 1499 2255 1588 ΙΠ,1,17Ὗριον
2297 1503 2495 1569 nomi-

146 1611 369 1698 natur3
413 1619 489 1681 ut
529 1618 741 1678 autem
769 1609 970 1696 Hyrie
1015 1616 1080 1677 et
1105 1609 1382 1695 Hyrieus
1428 1609 1699 1695 primam
1728 1609 2074 1697 corripiunt
2102 1605 2320 1694 (Ouid.
2345 1611 2493 1679 Met.

144 1725 303 1808 VII,
344 1723 473 1790 271
519 1725 585 1787 et
623 1718 785 1802 3803
839 1717 1015 1785 Fast.
1052 1717 1126 1801 V,
1163 1716 1328 1802 4993
1373 1717 1490 1803 VI,
1534 1713 1691 1800 719)
1744 1716 1840 1784 sic
1882 1717 2129 1804 Hyrion
2174 1737 2227 1787 s.
2255 1718 2495 1786 Vrium.

144 1849 348 1917 quare
399 1826 649 1911 nescio,
707 1824 1024 1909 quomodo
1077 1824 1243 1891 tueri
1294 1831 1532 1908 queant
1573 1821 1815 1892 ‘Vrios³
1872 1825 1982 1908 qui
2035 1825 2212 1912 apud
2268 1826 2494 1894 Catull.

147 1959 211 2006 c.
239 1938 328 2003 36
368 1958 433 2022 p.
468 1935 578 2020 19,
614 1934 698 2001 12
753 1932 1113 1999 coniectura
1164 1931 1572 2018 scripserunt.
1593 1969 1703 2001 ,-
1730 1930 1907 2000 ‘sata
1956 1930 2135 2001 rura'
2175 1933 2372 2020 dixit,
2424 1940 2499 2001 ut

155 2042 383 2109 Cicero
422 2041 593 2109 Verr.
622 2042 716 2126 Π,
756 2041 828 2126 3,
870 2041 956 2106 47
988 2037 1239 2124 ‘iugera
1280 2037 1477 2126 sata’3
1523 2040 1811 2108 Tibullus
1856 2041 1948 2126 Π,
1989 2042 2061 2126 3,
2101 2041 2140 2107 8
2171 2038 2359 2109 ‘arua
2400 2062 2518 2110 se-·

147 2146 390 2218 renda'
432 2155 495 2218 et
531 2149 613 2237 H,
657 2149 719 2234 3,
763 2148 851 2215 70
879 2141 1122 2216 ‘sulcos
1168 2144 1402 2234 satos³3
1460 2145 1648 2215 Ouid.
1677 2146 1753 2216 A.
1783 2146 1859 2216 A.
1892 2149 1953 2234 2,
1996 2149 2126 2217 668
2154 2146 2496 2220 ‘serendus

142 2255 346 2344 ager?
428 2279 550 2327 nec
589 2278 744 2326 uero
803 2255 1018 2324 audax
1073 2256 1186 2323 illa
1242 2263 1346 2324 est
1402 2255 1776 2324 traditarum
1817 2256 2170 2325 litterarum
2212 2260 2494 2346 mutatio,

141 2387 298 2434 nam
341 2366 497 2434 olim
539 2386 739 2452 saepe
781 2385 900 2451 pro
942 2385 1116 2431 more
1159 2364 1363 2432 ueteri
1405 2364 1767 2433 scribebant
1817 2386 1946 2432 non
1973 2363 2147 2435 ‘sata
2188 2364 2496 2453 ureiano',
2615 2361 2616 2422 l

142 2473 269 2542 sed
323 2474 525 2541 altero
579 2495 624 2541 a
675 2473 905 2541 extrito
949 2471 1377 2554 satureiam,
1435 2492 1560 2557 quo
1610 2472 1692 2541 de
1736 2472 1963 2541 uideas
2005 2474 2365 2543 Bentleium
2408 2476 2497 2544 ad

145 2601 340 2649 serm.
370 2581 422 2665 I,
452 2580 518 2664 4,
548 2580 632 2647 25
678 2587 744 2650 et
785 2582 835 2668 Ι,
867 2581 928 2666 2,
959 2581 1066 2647 30.
1094 2616 1185 2628 -
1213 2586 1278 2647 et
1308 2580 1403 2648 sic
1432 2580 1670 2670 optime
1699 2581 2030 2668 quadrant,
2070 2602 2236 2667 quae
2263 2584 2495 2671 Porph.

146 2687 268 2755 ait:
311 2686 465 2755 ‘sat
509 2689 760 2757 nomine
817 2688 1000 2755 fundi
1051 2687 1121 2754 in
1174 2687 1469 2774 Apulia
1522 2687 1650 2754 illis
1704 2691 2096 2775 temporibus
2150 2691 2351 2760 fuisse
2404 2692 2497 2758 di-

147 2791 408 2862 cuntur'
452 2801 518 2862 et
545 2814 606 2878 q.
635 2815 686 2862 s.
751 2817 879 2864 non
924 2796 1094 2863 enim
1138 2796 1402 2863 memini
1445 2795 1823 2865 scholiastae
1867 2798 2167 2884 Apuliam
2210 2806 2277 2867 et
2318 2799 2497 2868 Gala-

142 2902 356 2970 briam
385 2901 659 2988 Apuliae
701 2905 953 2972 nomine
994 2903 1526 2992 conprehendere.
1592 2910 1663 2970 ut
1690 2912 1903 2973 autem
1933 2927 2061 2973 non
2088 2914 2327 2976 temere
2353 2929 2497 2976 con-

144 3009 465 3077 tenderim
509 3010 605 3077 sic
642 3011 977 3099 scripsisse
1003 3012 1356 3096 Horatium,
1404 3012 1495 3078 ita
1529 3017 1744 3079 tamen
1784 3013 1877 3080 sic
1907 3015 2183 3083 scribere
2211 3017 2497 3103 potuisse

144 3116 627 3186 concedendum
672 3125 788 3186 est.
832 3156 918 3170 —-
963 3127 1284 3206 postremo
1335 3116 1720 3187 Theoninus
1765 3141 1867 3207 ep.
1896 3123 1946 3208 I,
1981 3124 2084 3208 18,
2115 3125 2221 3191 82.

327 3225 654 3294 Hactenus
699 3226 783 3294 de
828 3227 1179 3296 adiectiuis.
1245 3228 1728 3314 progrediamur
1765 3230 1897 3296 iam
1931 3231 2017 3298 ad
2048 3234 2261 3299 uerba.
2329 3251 2496 3317 quae

145 3354 298 3402 cum
352 3334 567 3402 omnia
620 3341 733 3402 aut
787 3354 869 3402 ex
922 3336 1500 3424 praepositionibus
1554 3342 1618 3403 et
1670 3338 1887 3406 uerbis
1943 3360 2065 3408 usu
2121 3339 2286 3407 tritis
2354 3361 2496 3408 con-
2561 3329 2566 3334 ’

144 3440 364 3529 posita
417 3448 529 3509 aut
580 3464 625 3510 a
676 3442 1036 3510 nominibus
1091 3444 1246 3510 item
1298 3443 1555 3512 usitatis
1611 3443 1901 3513 deriuata
1958 3447 2113 3532 sint,
2167 3448 2496 3533 probabile

148 3568 297 3617 esse
339 3547 611 3636 uidetur,
654 3571 849 3619 unum
855 3550 1175 3658 quodque
1207 3571 1401 3637 posse
1433 3554 1515 3620 ab
1544 3553 1809 3621 Horatio
1839 3554 2076 3620 factum
2106 3574 2279 3641 esse,
2326 3562 2495 3624 certe

154 3674 233 3723 ex
274 3656 578 3749 analogia
620 3659 835 3726 omnia
855 3627 1151 3726 formata
1194 3665 1259 3727 et
1301 3666 1434 3727 tam
1480 3667 1633 3747 apta
1677 3682 1792 3729 suo
1824 3660 2117 3745 quodque
2150 3662 2288 3730 loco
2329 3671 2494 3750 sunt,

146 3764 260 3831 nix
302 3771 377 3832 ut
418 3765 714 3853 alterum,
771 3766 942 3852 quod
985 3767 1225 3853 pariter
1267 3767 1357 3835 ad
1400 3770 1777 3837 sententiam
1830 3768 2055 3856 faciat,
2114 3770 2496 3840 substituere

140 3872 383 3961 possis.

328 3976 735 4067 Ampullari.
784 4002 884 4070 ep.
912 3985 962 4070 I,
993 3984 1054 4071 3,
1090 3984 1205 4051 14:
1238 3981 1351 4051 ‘an
1393 3983 1638 4069 tragica
1682 3982 1973 4052 desaeuit
2017 3990 2083 4052 et
2111 3983 2495 4071 ampullatur

144 4087 217 4155 in
274 4093 412 4156 arte
421 4086 483 4153 ‘?³
559 4089 903 4177 ληκυθίζει.
975 4092 1244 4161 miscent
1296 4092 1406 4158 hic
1467 4090 1707 4174 aliquot
1772 4092 2144 4176 interpretes
2202 4092 2490 4159 diuersos

144 4194 345 4283 piane
386 4198 720 4294 uerborum
763 4197 1081 4284 λήκυθος,
1139 4198 1540 4288 ληκυθίζειν,
1584 4198 1891 4285 ampulla,
1935 4197 2271 4285 ampullari
2318 4215 2485 4278 usus,
2529 4255 2617 4347 Α.
