2638 4404
1261 25 1306 91 6

100 198 291 269 tuerit
317 195 666 271 ‘Daunias’
710 202 779 268 in
831 202 1062 289 priscis
1119 201 1574 295 membranisi',²
1617 224 1706 255 —2-
1751 212 1948 291 atque
1986 206 2148 277 haec
2192 208 2456 293 quidem

101 308 426 376 Bentleius
474 309 748 394 egregie.
818 311 1202 381 recentiores
1241 312 1476 398 partim
1514 312 1585 379 id
1626 314 1797 397 quod
1844 314 1911 381 in
1953 314 2128 383 nullo
2170 317 2453 389 melioris

98 422 287 484 notae
330 416 568 503 scripto
613 417 772 484 libro
818 424 994 485 extat
1039 425 1102 486 et
1136 419 1382 487 metrici
1412 420 1959 507 interpolationem
1988 440 2134 493 esse
2164 424 2453 512 adparet,

96 517 380 591 ‘Daunia
436 523 503 591 in
548 522 744 610 latis’,
798 533 1201 612 receperunt,
1257 528 1489 613 partim
1520 523 1866 596 ‘Daunias'
1909 530 2311 603 retinuerunt.
2343 534 2454 603 ad-

97 631 398 699 ieetiuum
442 631 864 717 interpretati,
921 634 1033 716 qui
1073 634 1428 705 Bentleium
1474 655 1557 702 ne
1600 635 1838 720 legisse
1881 637 2139 720 quidem
2153 689 2174 724 ,
2216 641 2452 713 nedum

98 738 489 807 intellexisse
534 738 692 805 mihi
735 739 1051 807 uidentur.
1123 762 1201 808 ac
1243 742 1568 810 Bentleius
1613 743 1870 827 quidem
1884 793 1902 829 ,
1947 751 2020 811 ut
2072 745 2240 831 dixi,
2281 755 2453 817 recte

97 846 255 913 mihi
283 867 559 930 negasse
591 847 845 914 uidetur
888 849 970 915 ab
1003 848 1268 915 Horatio
1315 848 1472 919 illud
1491 844 1833 919 ‘Daunias'
1875 852 2227 938 profectum
2272 875 2451 951 esse3

99 974 222 1038 quo
280 961 494 1022 autem
538 954 675 1022 iure
719 954 1177 1042 Peerlkampus
1235 961 1433 1023 totam
1465 953 1843 1044 ‘stropham’
1890 960 2154 1027 Horatio
2208 963 2451 1033 abiudi-

99 1061 354 1146 cauerit,
398 1060 584 1146 infra,
626 1061 738 1128 ubi
783 1061 865 1130 de
896 1058 1294 1131 ‘aesculetis’
1338 1063 1678 1135 dicendum
1723 1065 1860 1152 erit,
1904 1067 2280 1137 uidebimus.

278 1170 439 1236 Item
474 1168 806 1254 Pyrrhia,
853 1170 1024 1254 quod
1069 1192 1170 1257 ep.
1198 1171 1249 1256 1,
1282 1172 1385 1256 13,
1422 1172 1506 1238 14
1549 1172 1852 1240 traditum
1885 1180 2001 1260 est,
2044 1182 2213 1247 recte
2247 1176 2448 1251 Lach-

102 1296 372 1345 mannus
427 1277 521 1342 ait
575 1277 642 1342 in
699 1296 922 1344 comm.
962 1278 1145 1349 Luer.
1186 1300 1251 1365 p.
1275 1280 1407 1347 408
1464 1298 1673 1364 neque
1728 1279 2013 1353 Graecae
2066 1303 2272 1369 neque
2328 1285 2448 1352 Ro-

104 1406 331 1453 manae
376 1384 655 1452 feminae
696 1404 926 1451 nomen
986 1406 1158 1471 esse,
1215 1406 1336 1454 nec
1388 1404 1581 1473 posse
1636 1387 1940 1474 dubitari,
1998 1390 2150 1473 quin
2207 1391 2363 1459 illud
2406 1413 2450 1459 a

101 1491 378 1579 librariis
422 1491 515 1558 ita
559 1498 919 1578 corruptum
964 1489 1140 1578 εἰμ’).

278 1600 415 1666 Iam
460 1619 613 1666 uero
657 1605 729 1665 ut
773 1599 975 1686 ipsius
1004 1597 1252 1666 Horatii
1293 1601 1605 1669 uocabula
1646 1601 1990 1687 adgrediar
2031 1600 2238 1688 (mitto
2280 1607 2451 1677 enim

102 1708 302 1774 multa
346 1726 511 1790 quae
555 1706 844 1775 homines
891 1707 1061 1775 docti
1104 1707 1370 1774 Horatio
1416 1710 1741 1777 obtrusum
1786 1709 1960 1777 iuere
1983 1709 2195 1796 ’plane
2241 1713 2452 1799 singu·

102 1813 322 1901 laria),
391 1814 596 1901 primo
663 1815 803 1882 loco
860 1836 1095 1902 ponam
1147 1835 1399 1900 graeca.
1503 1797 1766 1898 quorum
1821 1815 2059 1901 duplex
2113 1818 2275 1891 ratio
2333 1827 2450 1886 est.

104 1924 369 1990 alterum
416 1921 585 1988 enim
630 1943 851 2008 genus,
898 1923 1069 2007 quod
1113 1944 1195 1990 ex
1239 1923 1716 2009 cognominibus
1762 1923 2144 2006 quibusdam
2183 1922 2450 1993 deorum

104 2036 369 2114 constat,
415 2031 497 2096 ab
527 2029 790 2097 Horatio
835 2051 917 2097 ex
959 2030 1185 2101 litteris
1217 2029 1603 2099 Graecorum
1642 2036 1963 2117 sumptum
1992 2037 2121 2118 est3
2166 2031 2456 2116 alterum,

105 2138 273 2225 quod
317 2136 578 2206 uomina
632 2137 1026 2225 adpellatiua
1079 2138 1561 2227 conprehendit,
1619 2138 1937 2212 communi
1991 2146 2122 2206 tum
2166 2156 2287 2206 usu
2331 2138 2444 2207 Ro·

103 2248 311 2315 manis
363 2248 579 2314 tritum
635 2246 836 2316 fuisse
893 2254 1165 2333 oportet,
1222 2269 1374 2316 nam
1425 2248 1756 2334 Augustae
1809 2246 2044 2316 aetatis
2097 2250 2328 2331 poetae
2381 2252 2455 2312 ut

104 2355 353 2442 graecis
382 2354 742 2424 nominibus
771 2354 1046 2441 propriis
1077 2355 1330 2423 abunde
1359 2360 1634 2439 utuntur,
1677 2355 1769 2421 ita
1797 2352 2187 2439 adpellatiua
2218 2371 2456 2438 graeca

105 2465 600 2548 declinauerunt,
642 2463 771 2530 nisi
815 2482 979 2546 quae
1022 2483 1144 2530 usu
1188 2466 1445 2548 recepta
1488 2460 1618 2527 iam
1663 2466 1894 2528 essent.

283 2572 368 2638 Et
413 2569 716 2659 Agyieus
763 2565 845 2656 (c.
873 2570 1032 2655 IIII,
1074 2571 1144 2654 6,
1188 2565 1305 2653 28)
1362 2568 1620 2653 quidem
1673 2569 1910 2651 utique·
1931 2564 2148 2636 latinis
2192 2566 2450 2636 auribus

108 2680 463 2748 inauditum
508 2685 660 2764 erat,
707 2678 833 2747 etsi
873 2679 1078 2747 doctis
1121 2677 1482 2746 hominibus
1513 2697 1642 2744 non
1670 2676 1972 2761 ignotum.
2038 2692 2189 2740 nam
2233 2692 2451 2742 secun-

109 2788 260 2855 dum
314 2786 813 2874 Porphyrionem
869 2786 957 2853 ad
1012 2785 1073 2852 h.
1118 2786 1160 2852 l.
1249 2787 1448 2854 Varro
1504 2784 1572 2852 in
1624 2782 1966 2866 nescioquo
2020 2779 2180 2854 libro
2236 2779 2320 2848 de
2372 2800 2452 2850 eo

108 2901 508 2982 exposuerat.
599 2894 853 2961 omnino
910 2899 1127 2962 autem
1181 2892 1514 2961 Horatium
1568 2890 1635 2956 in
1690 2889 1968 2957 carmine
2022 2887 2348 2958 saeculari.
2388 2894 2454 2957 et

109 3003 216 3070 illo
276 3003 433 3087 1111,
479 3003 520 3067 6
534 3051 553 3084 ,
621 3000 791 3085 quod
845 2999 1035 3068 huius
1089 3001 1275 3085 quasi
1327 2998 1642 3087 praefatio
1698 3003 1764 3066 et
1815 2996 2279 3066 commendatio
2336 3001 2450 3079 est,

109 3131 342 3196 graeca
384 3107 643 3175 nomina
687 3108 873 3193 quasi
926 3108 1009 3176 de
1060 3107 1373 3178 industria
1417 3106 1650 3178 sectari
1691 3105 1970 3188 uidetur,
2029 3111 2099 3172 ut
2140 3101 2452 3194 sagaciter

111 3216 477 3286 Obseruauit
503 3216 828 3284 Bentleius
874 3215 959 3282 ad
1005 3237 1058 3283 c.
1088 3236 1141 3284 s.
1177 3217 1280 3283 16.
1310 3252 1399 3264 —-
1431 3215 1606 3302 apud
1634 3232 1897 3299 graecos
1927 3212 2262 3297 scriptores
2291 3209 2452 3278 satis

115 3326 475 3409 frequenter
520 3323 787 3391 occurrit
830 3323 987 3390 illud
1031 3343 1280 3391 nomen.
1362 3322 1444 3392 de
1490 3323 1626 3392 eius
1671 3322 1874 3389 cultus
1918 3318 2090 3404 apud
2134 3317 2456 3401 Tegeatae

115 3433 357 3518 origine
402 3432 596 3500 refert
638 3429 993 3497 Pausanias
1039 3430 1209 3515 VIII,
1247 3429 1356 3515 53,
1407 3431 1473 3515 13
1517 3430 1689 3498 idem
1735 3427 1817 3497 de
1857 3424 2360 3494 Achamensium
2402 3423 2454 3508 Ι,

115 3543 220 3625 31,
251 3541 293 3606 3
341 3546 406 3607 et
443 3538 826 3623 Argiuorum
852 3538 933 3622 H,
969 3537 1070 3622 19,
1104 3538 1141 3603 7
1187 3537 1436 3623 Agyieo
1464 3536 1756 3623 Apolline
1798 3532 1992 3602 tradit
2032 3538 2100 3602 et
2144 3532 2226 3600 de
2267 3529 2453 3602 Athe-

114 3648 430 3716 niensium
475 3647 673 3714 Varro
729 3645 902 3732 apud
945 3644 1446 3732 Porphyrionem
1492 3645 1579 3714 ad
1620 3642 1947 3712 Horatium
2017 3648 2081 3708 et
2134 3638 2216 3707 de
2262 3636 2458 3704 Grae-

3 3776 4 3819 1
115 3776 331 3824 corum
375 3755 628 3823 omnino
672 3752 1030 3821 Macrobius
1075 3758 1195 3820 sat.
1223 3753 1272 3838 I,
1311 3753 1374 3819 9.
1963 3841 1967 3843 ἡ

3 3878 4 3887 ’
293 3863 600 3931 Eiusdem
642 3860 954 3949 Apollinis
967 3911 985 3946 ,
1044 3881 1232 3945 quem
1289 3859 1480 3929 deum
1531 3856 2002 3926 meminerimus
2045 3856 2126 3922 ab
2169 3852 2458 3940 Augusto

3 4088 4 4093 ἵ
257 4019 311 4090 *)
345 4019 557 4077 ΝοίῘιιιε
593 4020 656 4088 (c.
681 4019 772 4085 III,
805 4018 889 4085 15,
915 4018 1024 4085 11),
1061 4018 1196 4090 quod
1229 4033 1409 4072 nomen
1445 4013 1714 4071 Meinekius
1751 4031 1992 4086 nusquam
2032 4011 2142 4068 alibi
2179 4021 2341 4067 extare
2375 4009 2459 4075 ait,

120 4120 334 4176 transeo,
389 4112 566 4183 quippo
612 4111 744 4183 quod
792 4111 1000 4164 nesciam
1046 4126 1108 4161 an
1156 4107 1353 4162 Gruteri
1397 4115 1499 4190 tres
1541 4104 1671 4159 tituli
1715 4123 1763 4177 p.
1787 4104 1882 4171 76,
1919 4104 1951 4160 ‘1
2006 4104 2065 4159 ab
2111 4100 2363 4159 Iacobonio
2410 4107 2464 4153 et

120 4218 166 4277 p.
189 4201 313 4271 426,
339 4202 369 4256 7
396 4211 446 4257 et
474 4201 511 4258 8
543 4219 608 4257 ex
644 4201 911 4273 Augustini
946 4198 1134 4254 schedis
1169 4198 1356 4272 sumpti
1391 4195 1508 4251 satis
1545 4203 1788 4250 tucantur.
