2638 4404
1245 39 1330 107 10

122 208 267 277 sint.
355 230 504 277 nam
546 226 690 281 cum
736 233 891 281 uera
935 221 1106 283 esset
1161 215 1321 285 haec
1375 217 1805 305 interpretatio
1849 237 2039 303 quam
2083 219 2258 305 apud
2299 218 2444 291 Por·

118 315 492 403 phyrionem
547 319 724 388 cuius
784 321 1126 390 sinceriora
1179 324 1394 408 paullo
1450 326 1691 393 scholia
1734 333 1879 394 sunt
1933 327 2201 412 legimus
2213 374 2231 412 ,
2299 335 2446 413 post

118 423 348 508 aliquis
394 425 647 512 scripsit-
705 424 801 512 (ut
844 430 1016 516 apud
1058 430 1368 498 Acronem
1421 430 1769 517 uidemus)=
1800 428 2106 505 ‘Sisenna'
2152 434 2272 503 fuit
2314 435 2440 505 illis

116 531 501 618 temporibus
558 536 905 605 maledicus
960 543 1024 605 et
1081 539 1375 625 mordax3
1430 541 1599 608 barri
1651 548 1864 617 autem
1920 541 2212 611 dicuntur
2252 543 2439 611 malc-

115 636 260 707 dici.
349 639 417 706 id
463 648 589 708 est:
647 642 808 710 adeo
854 650 989 710 erat
1031 646 1341 714 sermonis
1385 648 1708 733 maledici,
1760 654 1829 715 ut
1872 648 2194 717 sisennas·
2222 651 2436 717 barros

113 745 434 815 uideretur
484 746 793 835 uincere'3
847 752 1065 819 barros
1120 753 1311 837 igitur
1363 775 1590 822 nomen
1646 755 2101 843 adpellatiuum
2166 776 2311 827 eme
2375 763 2444 825 ct

113 853 455 921 maledicos
498 856 858 940 significare
903 860 1195 944 opinatus
1240 867 1357 928 est.

292 959 741 1033 caliendrum.
791 986 840 1033 s.
871 967 932 1052 Ι,
967 968 1036 1053 8,
1066 968 1182 1035 48:
1225 964 1562 1037 ‘Canidiae
1606 969 1845 1055 dentis,
1902 970 2099 1039 altum
2129 970 2438 1056 Saganae

111 1067 496 1137 caliendrum
541 1067 871 1141 excidere?
913 1110 1002 1123 -
1054 1076 1563 1162 capillamentum
1608 1098 1660 1145 s.
1705 1074 1972 1163 κόσμον
2014 1078 2318 1165 κεφαλῆς
2342 1078 2438 1162 (ut

109 1174 439 1245 Philoxeni
502 1178 756 1263 glossae
823 1181 1334 1270 interpretantur)
1414 1184 1612 1253 fuisse
1679 1185 1948 1252 uidetur.
2055 1185 2435 1272 Porphyrio.

107 1277 383 1353 ‘locatur
436 1285 504 1351 in
556 1284 702 1371 has,
759 1290 944 1371 quasi
998 1291 1196 1359 altera
1251 1292 1544 1360 dentibus
1598 1291 1910 1377 adpositis
1964 1292 2056 1359 uti
2111 1292 2302 1361 solita
2351 1294 2440 1365 sit

109 1391 308 1457 altera
351 1392 521 1475 quod
564 1394 787 1478 glabra
830 1391 951 1481 (sic
994 1404 1162 1467 recte
1201 1398 1604 1466 Heindorfius
1651 1416 1793 1465 cum
1822 1396 2202 1484 Forcellino)
2248 1399 2438 1469 fuerit

108 1497 495 1569 caliendrum
538 1500 600 1567 h.
630 1522 685 1568 e.
729 1503 1136 1587 galericulum
1180 1505 1416 1575 habere
1458 1505 1872 1574 consueuerit.
1962 1506 2268 1577 caliendri
2311 1528 2437 1575 me·

107 1604 289 1676 minit
331 1613 395 1679 et
423 1606 621 1714 Varro
663 1609 731 1675 in
775 1631 853 1678 eo
894 1612 1051 1680 libro
1081 1613 1189 1697 qui
1231 1608 1886 1699 inscribitur‘uirgula
1911 1609 2157 1683 di'uina’
2184 1614 2433 1685 dicens:

1265 1722 1387 1807 ego
1427 1738 1595 1789 nunc
1635 1722 1886 1809 postulo
1931 1742 2140 1789 meum

369 1826 877 1915 'Agamemnona
923 1864 1010 1878 —-
1053 1833 1249 1898 tantis
1291 1829 1611 1897 cothurnis
1656 1828 1892 1916 accipit
1931 1827 2220 1897 Critonia

369 1934 795 2005 caliendrum?
835 1973 924 1985 -

105 2043 225 2112 hoc
270 2044 455 2112 modo
499 2052 892 2113 tetrametros
925 2044 1248 2113 constituit
1274 2043 1592 2113 Lucianus
1622 2043 1962 2113 Muellerus
1992 2041 2074 2111 de
2102 2060 2173 2111 re
2199 2064 2283 2109 m.
2305 2063 2369 2128 p.
2389 2042 2433 2107 l.

105 2172 255 2238 pag.
282 2153 413 2221 418
457 2152 717 2222 traiecto
735 2148 1282 2239 ‘Agamemnona³‚
1329 2151 1498 2237 quod
1534 2152 1680 2220 libri
1709 2157 1858 2222 ante
1874 2146 2142 2219 ‘meum'
2175 2154 2434 2236 ponunt.

104 2296 191 2307 -—
223 2255 692 2329 ‘caliandrium'
734 2260 927 2329 habet
966 2261 1278 2330 Arnobius
1325 2262 1386 2346 6,
1432 2261 1516 2328 26
1563 2266 1629 2328 et
1659 2252 2128 2327 ‘'calliandrum
2172 2255 2436 2326 Tertull-

103 2369 251 2455 pall.
278 2370 327 2435 4
371 2369 471 2437 ed.
501 2368 695 2436 Salm.
740 2390 802 2454 p.
835 2368 940 2436 24.

282 2475 659 2606 ’Ciniflonea
706 2496 758 2544 s.
787 2477 846 2561 I,
884 2476 955 2561 2,
989 2476 1105 2543 98:
1138 2470 1507 2557 Custodes,
1552 2471 1803 2556 lectica,
1849 2468 2208 2553 ciniflones,
2251 2487 2436 2556 para-

104 2578 304 2652 sitae?
347 2581 537 2670 (quae
581 2584 816 2654 satirae
858 2604 1009 2672 pars
1054 2582 1307 2650 omnino
1344 2581 1541 2650 multa
1572 2581 1847 2648 continet
1874 2577 2055 2656 ἅπαξ
2084 2572 2433 2662 simma.)

103 2693 264 2759 Acro
309 2693 600 2760 adnotata
636 2687 1007 2758 ‘Giniflones
1052 2697 1116 2758 et
1161 2689 1453 2758 cinerarii
1496 2688 1722 2758 eadem
1753 2683 2215 2770 significatione
2259 2683 2434 2769 apud

102 2805 350 2869 ueteres
394 2801 786 2868 habebantur
840 2800 920 2865 ab
964 2797 1174 2865 officio
1202 2797 1719 2866 calamistrorum
1763 2793 1805 2864 i.
1836 2813 1894 2859 e.
1932 2811 2198 2860 neruum
2238 2791 2306 2862 in
2352 2789 2435 2856 ci-

103 2930 252 2978 nere
296 2907 864 2976 calefaciendorum
909 2905 1137 2988 quibus
1167 2911 1492 2972 matronae
1522 2901 1786 2988 capillos
1816 2899 2208 2985 crispabant3
2254 2896 2435 2972 caius

104 3018 196 3085 rei
251 3024 315 3085 et
351 3016 666 3101 Vergilius
723 3013 1009 3080 meminit
1062 3011 1313 3079 dicens:
1356 3006 1611 3078 “crines
1667 3008 1946 3078 uibratus
2006 3004 2212 3074 calido
2266 3002 2434 3070 ferro

105 3121 281 3211 [Aen.
312 3124 457 3209 XII,
493 3117 708 3208 100].'’
758 3121 915 3190 dicti
957 3127 1171 3188 autem
1214 3117 1540 3204 ,ciniflones
1585 3117 1666 3183 ab
1713 3136 1788 3184 eo
1833 3113 2003 3199 quod
2047 3113 2113 3179 in
2155 3110 2433 3199 cinerem

101 3232 259 3298 flant
301 3231 387 3298 ad
432 3228 930 3298 calefaciendum
976 3228 1226 3312 ferrum,
1273 3245 1432 3311 quos
1477 3231 1542 3294 et
1583 3222 1924 3291 cinerarios
1959 3213 2313 3305 appellant?
2343 3253 2437 3265 —-

102 3339 332 3423 quibus
371 3336 658 3406 conferas
689 3335 949 3402 Varron.
980 3335 1114 3424 d.l.
1143 3335 1185 3400 l.
1217 3333 1272 3400 V
1310 3354 1376 3418 p.
1412 3334 1538 3402 132
1568 3332 1712 3419 Sp.:
1744 3324 2218 3406 ‘calamistrum
2263 3325 2441 3408 quod

102 3447 204 3515 his
250 3444 572 3514 calefactis
610 3444 687 3510 in
729 3443 941 3512 cinere
984 3441 1249 3528 capillus
1295 3447 1568 3508 ornatur.
1659 3438 1769 3523 qui
1811 3457 1893 3503 ca
1935 3431 2354 3517 ministrabat,
2397 3453 2448 3498 a
2525 3435 2528 3440 '

103 3554 313 3622 cinere
356 3551 703 3620 cinerarius
749 3556 847 3617 cst
890 3545 1287 3637 appellatus?
1315 3585 1404 3596 —-
1446 3554 1635 3631 atque
1667 3536 2067 3614 ‘cinerarius’
2112 3545 2286 3608 extat
2327 3539 2470 3606 ad«-

103 3662 229 3728 hnc
271 3660 444 3748 apud
488 3658 802 3728 Catullum
848 3678 900 3726 c.
946 3659 1060 3741 61,
1112 3658 1256 3726 138.
1302 3692 1391 3705 ——
1435 3654 1750 3724 ciniflonis
1793 3665 1946 3717 uero
1990 3648 2072 3718 ab
2117 3645 2328 3713 cinere
2375 3651 2448 3712 et

102 3769 315 3837 flando
373 3766 682 3836 deriuatio
739 3786 867 3833 non
925 3765 1115 3833 ualde
1180 3763 1526 3850 probabilis
1581 3761 1859 3841 uidetur,
1921 3754 2052 3859 nisi
2092 3752 2252 3821 forte
2311 3772 2454 3821 cre-

104 3877 314 3944 dimus
367 3876 506 3944 ioco
563 3874 836 3958 quodam
886 3872 1273 3959 adpellatum
1327 3891 1491 3940 esse.
1579 3888 1707 3936 non
1759 3871 1974 3934 autem
2027 3860 2293 3932 ancillas
2347 3881 2447 3928 or-

102 3985 375 4053 natrices
421 3982 538 4052 sed
581 3983 752 4051 uiros
798 3979 1254 4066 intellegendos
1300 3998 1445 4048 esse
1490 3981 1705 4044 contra
1732 3971 2163 4055 Boettigerum
2197 3966 2448 4053 (Sabin.

101 4115 169 4180 p.
203 4090 355 4178 124)
423 4098 593 4159 recte
658 4089 1113 4159 demonstrauit
1164 4082 1593 4154 Heindorfius.
1693 4080 1774 4149 cf.
1828 4078 2101 4148 Beckeri
2167 4075 2441 4159 Gallum,

104 4210 149 4270 t.
177 4202 241 4269 Π
284 4223 349 4290 p.
384 4201 513 4284 113
557 4194 686 4285 (ed.
716 4193 828 4283 H).
